@book{Zrazhevskaya1972,
	title =     {Problems in English-Russian Translation (based on newspaper articles)},
	author =    {Zrazhevskaya, T.A. and Belyaeva, L.M.},
	publisher = {Moscow: "Mezhdunarodnye Otnosheniya"},
	isbn =      {},
	year =      {1972},
	series =    {},
	edition =   {},
	volume =    {},
	url =       {http://gen.lib.rus.ec/book/index.php?md5=4FB8D1D26768BF5A981C58ADEE0C5F98}}

@book{Belyaev2010,
	title =     {Grammar and Syntax in Newspaper Translation},
	author =    {Belyaev, M.A. and Popova, E.V. and Serova, I.A.},
	publisher = {Saint Petersburg: Saint Petersburg State University of Economics},
	isbn =      {},
	year =      {2010},
	series =    {},
	edition =   {},
	volume =    {},
	pages = {91},
	url =       {http://gen.lib.rus.ec/book/index.php?md5=22975A055EBD9BE97B1130776F4EE8A7}}

@book{Borisova2019,
	title =     {A Practical Course of Translation},
	author =    {Borisova, E.B. and Grinshtein, A.S. and Protchenko, A.V.},
	publisher = {Samara: Volga State Academy of Social and Human Sciences},
	isbn =      {},
	year =      {2019},
	series =    {},
	edition =   {2},
	volume =    {},
	url =       {http://gen.lib.rus.ec/book/index.php?md5=F4407658B903FF70D29524110574DF56}}

@inproceedings{Reimers2019,
	address = {Hong Kong, China},
	author = {Reimers, Nils and Gurevych, Iryna},
	booktitle = {Proceedings of the 2019 Conference on Empirical Methods in Natural Language Processing and the 9th International Joint Conference on Natural Language Processing},
	pages = {3982--3992},
	publisher = {Association for Computational Linguistics},
	title = {{Sentence-BERT: sentence embeddings using siamese BERT-networks}},
	url = {https://github.com/UKPLab/},
	year = {2019}
}

@misc{Liu2019,
	title={RoBERTa: A Robustly Optimized BERT pretraining approach},
	author={Liu, Yinhan and Ott, Myle and Goyal, Naman and Du, Jingfei and Joshi, Mandar and Chen, Danqi and Levy, Omer and Lewis, Mike and Zettlemoyer, Luke and Stoyanov, Veselin},
	journal={arXiv preprint arXiv:1907.11692},
	url = {www.cs.princeton.edu/~danqic/papers/roberta_paper.pdf},
	year={2019}
}

@misc{He2021,
	doi = {10.48550/arxiv.2111.09543},	
	url = {https://arxiv.org/abs/2111.09543},
	author = {He, Pengcheng and Gao, Jianfeng and Chen, Weizhu},	
	title = {DeBERTaV3: Improving DeBERTa using ELECTRA-style pre-training with gradient-disentangled embedding sharing},
	publisher = {arXiv},
	year = {2021}
}

@article{Demvsar2006,
	title={Statistical comparisons of classifiers over multiple data sets},
	author={Dem{\v{s}}ar, Janez},
	journal={The Journal of Machine learning research},
	volume={7},
	pages={1--30},
	year={2006},
	publisher={JMLR. org}
}