@inproceedings{Stymne2017,
	author = {Stymne, Sara},
	booktitle = {Proceedings of the 21st Nordic Conference on Computational Linguistics (NoDaLiDa 2017)},
	pages = {241--246},
	title = {{The effect of translationese on tuning for statistical machine translation}},
	year = {2017},
	month = {22--24 May},
	location = {Gothenburg},
	publisher = {Linkoping University Electronic Press},
	url = {https://aclanthology.org/W17-0230.pdf},
	urldate = {. (Accessed: 10 October 2022).}
	
}


@article{Gellerstam1986,
	address = {Lund},
	author = {Gellerstam, Martin},
	journal = {Translation studies in Scandinavia},
	location = {Lund},
	publisher = {CWK Gleerup},
	title = {{Translationese in Swedish novels translated from English}},
	pages = {88--95},
	editor = {Wollin, L. and Lindquist, H.},
	year = {1986}
}

@article{Baker1996,
	address = {Amsterdam},
	author = {Baker, Mona},
	editor = {Somers, H.},
	journal = {Terminology, LSP and translation: Studies in language engineering, in honour of Juan C. Sager.},
	pages = {175--186},
	publisher = {John Benjamins Publishing Company},
	title = {{Corpus-based translation studies: the challenges that lie ahead}},
	year = {1996},
	doi = {10.1075/btl.18.17bak}
}

@incollection{Frawley1984,
	author = {Frawley, William},
	booktitle = {Translation: Literary, Linguistic and Philosophical Perspectives},
	editor = {Frawley, William},
	address = {Newark},
	publisher = {University of Delaware Press},
	pages = {159--175},
	title = {{Prolegomenon to a theory of translation}},
	year = {1984}
}

@book{Duff1981,
	author = {Duff, Alan},
	title = {The third language: Recurrent problems of translation into English},
	publisher = {Pergamon},
	address = {Oxford},
	year = {1981}
}

@article{Schaffner2001a,
	author = {Sch{\"{a}}ffner, Christina and Adab, Beverly},
	journal = {Across Languages and Cultures},
	title = {{The idea of the hybrid texts and translation: Contact as conflict}},
	volume = {2},
	number = {2},
	pages = {167--180},
	year = {2001},
	doi = {10.1556/Acr.2.2001.2.1}
}

@article{Schaffner2001b,
	author = {Sch{\"{a}}ffner, Christina and Adab, Beverly},
	journal = {Across Languages and Cultures},
	title = {{The idea of the hybrid texts and translation revisited}},
	volume = {2},
	number = {2},
	pages = {277--302},
	year = {2001},
	doi = {10.1556/Acr.2.2001.2.11}
}

@incollection{BlumKulka1986,
	title={{Shifts of cohesion and coherence in translation}},
	author={Blum-Kulka, Shoshana},
	booktitle={Interlingual and Intercultural Communication. Discourse and Cognition in Translation and Second Language Acquisition Studies},
	editors = {House, Juliane and Blum-Kulka, Shoshana},
	pages={17--35},
	publisher = {Gunter Narr},
	address = {Tü{\"{u}}bingen},
	year={1986}
}

@inproceedings{Santos1995,
	author = {Santos, Diana},
	booktitle = {Proceedings of the 10th Nordic Conference on Computational Linguistics},
	pages = {59--66},
	title = {{On grammatical translationese}},
	year = {1995},
	month = {29--30 May},
	location = {Helsinki},
	publisher = {University of Helsinki},
	url = {citeseerx.ist.psu.edu/viewdoc/download?doi=10.1.1.44.8137&rep=rep1&type=pdf},
	urldate = {. (Accessed: 17 June 2022).}
}

@book{Toury1980,
	title={In search of a theory of translation},
	author={Toury, Gideon},
	year={1980},
	publisher={Porter Institute for Poetics and Semiotics, Tel Aviv University}
}

@book{Toury1995,
	title={Descriptive Translation Studies and Beyond},
	author={Toury, Gideon},
	year={1995},
	address = {Amsterdam},
	publisher={John Benjamins Publishing Company}
}

@incollection{Mauranen2004,
	address = {Amsterdam},
	author = {Mauranen, Anna},
	booktitle = {Translation universals: Do they exist},
	pages = {65--82},
	publisher = {John Benjamins Publishing Company},
	title = {{Corpora, universals and interference}},
	editor = {Mauranen, Anna and Kujam{\"a}ki, Pekka},
	doi = {10.1075/btl.48.07mau},
	year = {2004}
}

@inproceedings{Denturck2009,
	author = {Denturck, Kathelijne},
	booktitle = {Proceedings of the Workshop on Connectives across Languages: Explicitation and Grammaticalization of Contingency Relations},
	title = {{Translation universals: the case of causal connectives in French and Dutch translations a corpus-based study}},
	publisher = {University of Lisbon},
	location = {Lisbon},
	month = {9--12 September},
	year = {2009}
}

@book{Teich2003,
	author = {Teich, Elke},
	year = {2003},
	title = {Cross-Linguistic Variation in System and Text. A Methodology for the Investigation of Translations and Comparable Texts},
	publisher = {Mouton de Gruyter},
	address = {Berlin}
}

@incollection{HansenSchirra2011,
	author = {Hansen-Schirra, Silvia},
	booktitle = {Multilingual discourse production: Diachronic and synchronic perspectives},
	pages = {133--162},
	title = {{Between normalization and shining-through. Specific properties of English-German translations and their influence on the target language}},
	address = {Amsterdam},
	volume={12},
	publisher={John Benjamins Publishing Company},
	year = {2011},
	editor = {Kranich, Svenja and Becher, Viktor and Höder, Steffen and House, Juliane},
	doi = {10.1075/hsm.12.07han}
}


@incollection{Cappelle2017,
	author = {Cappelle, Bert and Loock, Rudy},
	booktitle = {Empirical Translation Studies. New Theoretical and Methodological Traditions},
	doi = {10.1515/9783110459586-009},
	editor = {{De Sutter}, Gert and Lefer, Marie-Aude and Delaere, Isabelle},
	isbn = {9783110459586},
	pages = {235--264},
	publisher = {Mouton de Gruyter},
	title = {{Typological differences shining through: The case of phrasal verbs in translated English}},
	year = {2017}
}


@inproceedings{Hu2018,
	author = {Hu, Hai and Li, Wen and K{\"u}bler, Sandra},
	booktitle = {Proceedings of the 2nd Workshop on Stylistic Variation},
	pages = {20--28},
	title = {{Detecting syntactic features of translated Chinese}},
	year = {2018},
	doi ={10.18653/v1/W18-1603},
	month = {1--6 June},
	location = {New Orleans},
	publisher = {Association for Computational Linguistics}
}

@article{Xiao2010,
	author = {Xiao, Richard},
	doi = {10.1075/ijcl.15.1.01xia},
	issn = {13846655},
	journal = {International Journal of Corpus Linguistics},
	volume = {15},
	number = {1},
	pages = {5--35},
	title = {{How different is translated Chinese from native Chinese?}},
	year = {2010}
}

@article{Dai2011,
	author = {Dai, Guangrong and Xiao, Richard},
	journal = {Translation Quarterly},
	pages = {85--108},
	title = {{``SL shining through'' in translational language: A corpus-based study of Chinese translation of English passives}},
	volume = {62},
	year = {2011},
	url = {citeseerx.ist.psu.edu/viewdoc/download?doi=10.1.1.730.4237\&rep=rep1\&type=pdf},
	urldate = {. (Accessed: 17 June 2022).}
}

@article{Zanettin2013,
	author = {Zanettin, Federico},
	doi = {10.1016/j.sbspro.2013.10.618},
	issn = {18770428},
	journal = {Procedia -- Social and Behavioral Sciences},
	pages = {20--32},
	publisher = {Elsevier B.V.},
	title = {{Corpus methods for Descriptive Translation Studies}},
	volume = {95},
	year = {2013}
}

@article{Puurtinen2003,
	author = {Puurtinen, Tiina},
	doi = {10.1093/llc/18.4.389},
	issn = {14774615},
	journal = {Literary and Linguistic Computing},
	number = {4},
	pages = {389--406},
	title = {{Genre-specific features of translationese? Linguistic differences between translated and non-translated Finnish children's literature}},
	volume = {18},
	year = {2003}
}

@article{Bjerva2019,
	author = {Bjerva, Johannes and {Han Veiga}, Maria and Tiedemann, Org and Augenstein, Isabelle},
	doi = {10.1162/COLI},
	isbn = {45/2/381/1809731},
	journal = {Computational Linguistics},
	number = {2},
	pages = {381--389},
	title = {{What do language representations really represent?}},
	volume = {45},
	year = {2019}
}

@inproceedings{VanHalteren2008,
	location = {Manchester},
	author = {{Van Halteren}, Hans},
	booktitle = {Proceedings of the 22nd International Conference on Computational Linguistics (Coling 2008)},
	doi = {10.3115/1599081.1599199},
	isbn = {9781905593446},
	pages = {937--944},
	month = {18--22 August},
	publisher = {Coling 2008 Organizing Committee},
	title = {{Source language markers in EUROPARL translations}},
	volume = {1},
	year = {2008}
}

@inproceedings{Volansky2011,
	author = {Volansky, Vered and Ordan, Noam and Wintner, Shuly},
	booktitle = {Proceedings of the Israeli Seminar on Computational Linguistics (ISCOL2011)},
	title = {{More Human or more Translated ? Original Texts vs . Human and Machine Translations}},
	year = {2011}
}

@inproceedings{Kurokawa2009,
	author = {Kurokawa, David and Goutte, Cyril and Isabelle, Pierre},
	booktitle = {Proceedings of MT-Summit XII},
	pages = {81--88},
	title = {{Automatic detection of translated text and its impact on machine translation}},
	url = {www.researchgate.net/publication/47683937},
	urldate = {. (Accessed: 22 June 2022).},
	year = {2009}
}


@incollection{Lapshinova2018,
	author = {Lapshinova-Koltunski, Ekaterina and Zampieri, Marcos},
	booktitle = {The Grammar of Genres and Styles: From Discrete to Non-Discrete Units},
	pages = {92--112},
	title = {{Linguistic features of genre and method variation in translation: A computational perspective}},
	volume = {320},
	doi = {10.1515/9783110595864-005},
	year = {2018},
	address = {Berlin},
	publisher = {Mouton de Gruyter},
	editor = {Legallois, Dominique and Charnois, Thierry and Larjavaara, Meri}
}

@incollection{Diwersy2014,
	address = {Berlin},
	author = {Diwersy, Sascha and Evert, Stefan and Neumann, Stella},
	booktitle = {Linguistic variation in text and speech, within and across languages},
	editor = {Szmrecsanyi, Benedikt and W{\"{a}}lchli, Bernhard},
	pages = {174--204},
	publisher = {Mouton de Gruyter},
	title = {{A semi-supervised multivariate approach to the study of language variation}},
	url = {www.stephanie-evert.de/PUB/DiwersyEvertNeumann2012.pdf},
	urldate = {. (Accessed: 17 June 2022).},
	year = {2014}
}

@inproceedings{Bizzoni2021,
	address = {Reykjavik},
	month = {31 May--2 June},
	author = {Bizzoni, Yuri and Lapshinova-Koltunski, Ekaterina},
	booktitle = {Proceedings of the 23rd Nordic Conference on Computational Linguistics (NoDaLiDa)},
	pages = {53--63},
	publisher = {Link{\"{o}}ping University Electronic Press},
	title = {{Measuring translationese across Levels of expertise: Are professionals more surprising than students?}},
	url = {aclanthology.org/2021.nodalida-main.6/},
	urldate = {. (Accessed: 17 June 2022).},
	year = {2021}
}

@inproceedings{Bizzoni2020,
	location = {online},
	month = {9--10 July},
	author = {Bizzoni, Yuri and Juzek, Tom S and {Esp{\~{a}} Na-Bonet}, Cristina and Chowdhury, Koel Dutta and {Van Genabith}, Josef and Teich, Elke},
	booktitle = {Proceedings of the 17th International Conference on Spoken Language Translation (IWSLT)},
	doi = {10.18653/v1/P17},
	pages = {280--290},
	publisher = {Association for Computational Linguistics},
	title = {{How human is machine translationese? Comparing human and machine translations of text and speech}},
	year = {2020}
}

@article{Baroni2006,
	author = {Baroni, Marco and Bernardini, Silvia},
	issn = {02681145},
	journal = {Literary and Linguistic Computing},
	number = {3},
	pages = {259--274},
	title = {{A new approach to the study of translationese: Machine-learning the difference between original and translated text}},
	volume = {21},
	doi = {10.1093/llc/fqi039},
	year = {2006}
}

@incollection{Olohan2001,
	author = {Olohan, Maeve},
	booktitle = {Proceedings of the Corpus Linguistics},
	publisher = {Lancaster University},
	editor = {Rayson, Paul and Wilson, Andrew and McEnery, Tony and Hardie, Andrew and Khoja, Shereen},
	pages = {423--432},
	title = {{Spelling out the optionals in translation: a corpus study}},
	url = {tinyurl.com/24cpk57l},
	urldate = {. (Accessed: 17 June 2022).},
	year = {2001}
}

@phdthesis{Castagnoli2009,
	author = {Castagnoli, Sara},
	school = {University of Pisa},
	title = {{Regularities and variations in learner translations: A corpus-based study of conjunctive explicitation}},
	year = {2009}
}


@phdthesis{Becher2011,
	author = {Becher, Viktor},
	title = {{Explicitation and implicitation in translation. A corpus-based study of English-German and German-English translations of business texts}},
	url = {ediss.sub.uni-hamburg.de/handle/ediss/4186},
	urldate = {. (Accessed: 23 June 2022).},
	school = {University of Hamburg},
	year = {2011}
}

@article{Laviosa1998,
	author = {Laviosa, Sara},
	doi = {10.7202/003425ar},
	isbn = {0026-0452},
	issn = {0026-0452},
	journal = {Meta: Journal des traducteurs},
	number = {4},
	pages = {557},
	title = {{Core Patterns of Lexical Use in a Comparable Corpus of English Narrative Prose}},
	volume = {43},
	year = {1998}
}

@article{Redelinghuys2015,
	author = {Redelinghuys, Karien and Kruger, Haidee},
	doi = {10.1075/ijcl.20.3.02red},
	journal = {International Journal of Corpus Linguistics},
	number = {3},
	pages = {293--325},
	title = {{Using the features of translated language to investigate translation expertise: A corpus-based study}},
	volume = {20},
	year = {2015}
}

@article{Redelinghuys2016,
	author = {Redelinghuys, Karien},
	doi = {10.5774/45-0-198},
	journal = {Stellenbosch Papers in Linguistics},
	number = {1},
	pages = {189--220},
	title = {{Levelling-out and register variation in the translations of experienced and inexperienced translators: A corpus-based study}},
	volume = {45},
	year = {2016}
}

@inproceedings{Nakamura2007,
	author = {Nakamura, Sachiko},
	booktitle = {Proceedings of the 4th Corpus Linguistics conference},
	publisher = {University of Birmingham},
	title = {{Comparison of features of texts translated by professional and learner translators}},
	url = {www.birmingham.ac.uk/documents/college-artslaw/corpus/conference-archives/2007/35Paper.pdf},
	urldate = {. (Accessed: 23 June 2022).},
	year = {2007}
}

@phdthesis{Delaere2015,
	author = {Delaere, Isabelle},
	school = {Ghent University},
	title = {{Do translations walk the line? Visually exploring translated and non-translated texts in search of norm conformity}},
	url = {biblio.ugent.be/publication/5888594/file/5888595},
	urldate = {. (Accessed: 23 June 2022).},
	year = {2015}
}


@article{Kruger2012,
	author = {Kruger, Haidee and Rooy, Bertus},
	doi = {10.1556/Acr.13.2012.1.3},
	journal = {Across Languages and Cultures},
	keywords = {comparable corpora,features of translated language,register,translation},
	number = {1},
	pages = {33--65},
	publisher = {Akad{\'{e}}miai Kiad{\'{o}}},
	title = {{Register and the features of translated language}},
	volume = {13},
	year = {2012}
}

@inproceedings{Kruger2010,
	author = {Kruger, Haidee and van Rooy, Bertus},
	booktitle = {Proceedings of the International Symposium on Using Corpora in Contrastive and Translation Studies},
	location = {Ormskirk},
	month = {27--29 July},
	pages = {1--29},
	title = {{The features of non-literary translated language: A pilot study}},
	url = {www.lancaster.ac.uk/fass/projects/corpus/UCCTS2010Proceedings/papers/Kruger\_Van\_%20Rooy.pdf},
	urldate = {. (Accessed: 23 June 2022).},
	year = {2010}
}

@inproceedings{Koehn2005,
	title={{Europarl: A parallel corpus for statistical machine translation}},
	author={Koehn, Philipp and others},
	booktitle={Machine Translation Summit},
	pages={79--86},
	location = {Phuket},
	month = {12--16 September},
	year={2005},
	url = {aclanthology.org/2005.mtsummit-papers.11.pdf},
	urldate = {. (Accessed: 17 June 2022).},
	organization={Association for Computational Linguistics}
}

@inproceedings{Koppel2011,
	author = {Koppel, Moshe and Ordan, Noam},
	booktitle = {Proceedings of the 49th Annual Meeting of the Association for Computational Linguistics: Human Language Technologies, Vol.1},
	pages = {1318--1326},
	publisher = {Association for Computational Linguistics},
	title = {{Translationese and its dialects}},
	url = {aclanthology.org/P11-1132.pdf},
	urldate = {. (Accessed: 23 June 2022).},
	year = {2011}
}

@article{Lembersky2012,
	author = {Lembersky, Gennadi and Ordan, Noam and Wintner, Shuly},
	doi = {10.1162/COLI\_a\_00111},
	issn = {08912017},
	journal = {Computational Linguistics},
	number = {4},
	pages = {799--825},
	title = {{Language models for machine translation: Original vs. translated texts}},
	volume = {38},
	year = {2012}
}

@article{Lembersky2013,
	author = {Lembersky, Gennadi and Ordan, Noam and Wintner, Shuly},
	doi = {10.1162/COLI\_a\_00159},
	journal = {Association for Computational Linguistics},
	number = {4},
	title = {{Improving statistical machine translation by adapting translation models to translationese}},
	volume = {39},
	year = {2013}
}

@article{Rabinovich2015,
	journal={Transactions of the Association for Computational Linguistics},
	author = {Rabinovich, Ella and Wintner, Shuly},
	title = {{Unsupervised identification of translationese}},
	url = {aclanthology.org/Q15-1030.pdf},
	urldate = {. (Accessed: 23 June 2022).},
	publisher={MIT Press},
	volume={3},
	pages={419--432},
	year = {2015}
}

@inproceedings{Ilisei2010,
	location = {Iasi},
	month = {21--27 March},
	address = {Berlin/Heidelberg},
	author = {Ilisei, Iustina and Inkpen, Diana and Pastor, Gloria Corpas and Mitkov, Ruslan},
	booktitle = {International Conference on Intelligent Text Processing and Computational Linguistics},
	pages = {503--511},
	publisher = {Springer},
	title = {{Identification of translationese: A machine learning approach}},
	doi = {10.1007/978-3-642-12116-6\_43},
	year = {2010}
}

@phdthesis{Ilisei2012,
	author = {Ilisei, Iustina},
	school = {University of Wolverhampton},
	title = {{A machine learning approach to the identification of translational language: an inquiry into translationese}},
	url = {clg.wlv.ac.uk/papers/ilisei-thesis.pdf},
	urldate = {. (Accessed: 20 June 2022).},
	year = {2012}
}

@inproceedings{Corpas2008,
	location = {Waikiki},
	month = {21--25 October},
	author = {{Corpas Pastor}, G. and Mitkov, R. and Afzal, N. and Pekar, V.},
	booktitle = {Proceedings of the 8th Conference of the Association for Machine Translation in the Americas (AMTA'08)},
	pages = {75--81},
	publisher = {Association for Computational Linguistics},
	title = {{A corpus-based NLP study of convergence and simplification}},
	url = {aclanthology.org/2008.amta-papers.5.pdf},
	urldate = {. (Accessed: 20 June 2022).},
	year = {2008}
}

@inproceedings{Nisioi2013,
	author = {Nisioi, Sergiu and Dinu, Liviu P},
	issn = {13138502},
	booktitle = {Proceedings of the International Conference Recent Advances in Natural Language Processing (RANLP 2013)},
	month = {7--13 September},
	location = {Hissar},
	pages = {532--538},
	title = {{A clustering approach for translationese identification}},
	url = {www.aclweb.org/anthology/R13-1070},
	urldate = {. (Accessed: 23 June 2022).},
	year = {2013}
}

@book{Halliday1989,
	author = {Halliday, Michael and Hasan, Ruqaiya},
	booktitle = {Language, context, and text: aspects of language in a social-semiotic perspective},
	edition = {2},
	address = {Oxford},
	publisher = {Oxford University Press},
	title = {{Language, context, and text: aspects of language in a social-semiotic perspective}},
	year = {1989}
}

@inproceedings{Aharoni2014,
	title={{Automatic detection of machine translated text and translation quality estimation}},
	author={Aharoni, Roee and Koppel, Moshe and Goldberg, Yoav},
	booktitle={Proceedings of the 52nd Annual Meeting of the Association for Computational Linguistics (Volume 2: Short Papers)},
	pages={289--295},
	location = {Baltimore},
	month = {23--25 June},
	doi = {10.3115/v1/P14-2048},
	year={2014}
}

@article{Pym1992,
	author = {Pym, Anthony},
	isbn = {9027220948},
	journal = {The Teaching of Translation},
	pages = {279--288},
	title = {{Translation error analysis and the interface with language teaching}},
	url = {usuaris.tinet.cat/apym/on-line/training/1992\_error.pdf},
	urldate = {. (Accessed: 17 June 2022).},
	year = {1992}
}

@book{Venuti1995,
	address = {London},
	author = {Venuti, Lawrence},
	publisher = {Routledge},
	title = {{The Translator's Invisibility: A History of Translation}},
	year = {1995}
}

@article{Chatzikoumi2020,
	author = {Chatzikoumi, Eirini},
	doi = {10.1017/S1351324919000469},
	journal = {Natural Language Engineering},
	pages = {137--161},
	title = {{How to evaluate machine translation: A review of automated and human metrics}},
	volume = {26},
	year = {2020}
}

@inproceedings{Stymne2017a,
	author = {Stymne, Sara},
	booktitle = {Proceedings of the 21st Nordic Conference of Computational Linguistics},
	month = {22--24 May},
	location = {Gothenburg},
	pages = {241--246},
	title = {{The effect of translationese on tuning for statistical machine translation}},
	url = {aclanthology.org/W17-0230.pdf},
	urldate = {. (Accessed: 17 June 2022).},
	year = {2017}
}

@inproceedings{Zhang2019,
	title = {{The effect of translationese in machine translation test sets}},
	month = {1--2 August},
	location = {Florence},
	author = {Zhang, Mike and Toral, Antonio},
	booktitle = {Proceedings of the Fourth Conference on Machine Translation (Volume 1: Research Papers)},
	editor = {Bojar, Ondr{\'e}j and Chatterjee, Rajen and Federmann, Christian and Fishel, Mark and Graham, Yvette and Haddow, Barry and Huck, Matthias and Yepes, Antonio Jimeno and Koehn, Philipp and Martins, Andr{\'e} and Monz, Christof and Negri, Matteo and N{\'e}v{\'e}ol, Aur{\'e}lie and Neves, Mariana and Post, Matt and Turchi, Marco and Verspoor, Karin},
	publisher = {Association for Computational Linguistics},
	pages = {73--81},
	doi = {10.18653/v1/W19-5208},
	year = {2019}
}

@inproceedings{Graham2020,
	author = {Graham, Yvette and Haddow, Barry and Koehn, Philipp},
	booktitle = {Proceedings of the 2020 Conference on Empirical Methods in Natural Language Processing},
	editor = {Cohn, Trevor and He, Yulan and Liu, Yang},
	pages = {72--81},
	location = {Online},
	month = {16--20 November},
	publisher = {Association for Computational Linguistics},
	title = {{Statistical power and translationese in machine translation evaluation}},
	doi = {10.18653/v1/2020.emnlp-main.6},
	year = {2020}
}

@book{Biber1995,
	title={Dimensions of Register Variation: A Cross-Linguistic Comparison},
	author={Biber, Douglas},
	isbn={9780521473316},
	lccn={lc94017041},
	url={tinyurl.com/2qe6fhb5},
	urldate = {. (Accessed: 10 July 2022).},
	year={1995},
	address={Cambridge},
	pages={428},
	publisher={Cambridge University Press}
}

@misc{Nini2015,
	author = {Nini, Andrea},
	pages = {1--31},
	title = {{Multidimensional Analysis Tagger}},
	year = {2015}
}

@inproceedings{Katinskaya2015,
	author = {Katinskaya, Anisya and Sharoff, Serge},
	booktitle = {Proceedings of the 5th Workshop on Balto-Slavic Natural Language Processing},
	editor = {Piskorski, J. and Pivovarova, L. and {\v{S}}najder, J. and Tanev, H. and Yangarber, R.},
	location = {Hissar},
	month = {5-11 September},
	pages = {65--74},
	title = {{Applying multi-dimensional analysis to a Russian webcorpus: Searching for evidence of genres}},
	url = {www.aclweb.org/anthology/W15-5311},
	urldate = {. (Accessed: 25 June 2022).},
	year = {2015}
}

@inproceedings{Straka2017,
	author = {Straka, Milan and Strakov{\'{a}}, Jana},
	booktitle = {Proceedings of the CoNLL 2017 Shared Task: Multilingual Parsing from Raw Text to Universal Dependencies},
	doi = {10.18653/v1/K17-3009},
	editor = {Zeman, Daniel and Hajic, Jan and Popel, Martin and Potthast, Martin and Straka, Milan and Ginter, Filip and Nivre, Joakim and Petrov, Slav},
	pages = {88--99},
	location = {Vancouver},
	month = {3--4 August},
	publisher = {Association for Computational Linguistics},
	title = {{Tokenizing, POS tagging, lemmatizing and parsing UD 2.0 with UDPipe}},
	year = {2017}
}

@inproceedings{Korzen2011,
	author = {Korzen, I{\o}rn and Gylling, Morten},
	booktitle = {Proceedings from Contrastive Linguistics, Translation Studies, Machine Translation -- What can we learn from each other? (GSCL2011)},
	pages = {5--11},
	location = {27 September},
	month = {Hamburg},
	title = {{What can contrastive linguistics tell us about translating discourse structure?}},
	url = {core.ac.uk/download/pdf/17278774.pdf},
	urldate = {. (Accessed: 26 June 2022).},
	year = {2011}
}

@inproceedings{Jing2015,
	author = {Jing, Yingqi and Liu, Haitao},
	booktitle = {Proceedings of the Third International Conference on Dependency Linguistics (Depling 2015)},
	editor = {Nivre, Joakim and Hajicova, Eva},
	pages = {161--170},
	location = {Uppsala},
	month = {24--26 August},
	title = {{Mean hierarchical distance augmenting mean dependency distance}},
	url = {aclanthology.org/W15-2119.pdf},
	urldate = {. (Accessed: 26 June 2022).},
	year = {2015}
}

@incollection{FabriciusHansen1999,
	author = {Fabricius-Hansen, Cathrine},
	booktitle = {Sprachspezifische Aspekte der Informationsverteilung},
	doi = {10.1515/9783050078137-008},
	series = {Studia grammatica},
	pages = {175--214},
	editor = {Doherty, Monika},
	publisher = {Akademie Verlag},
	title = {{Information packaging and translation: Aspects of translational sentence splitting (German–English/Norwegian)}},
	year = {1999}
}

@book{Firbas1992,
	author = {Firbas, Jan},
	publisher = {Cambridge University Press},
	title = {{Functional sentence perspective in written and spoken communication}},
	year = {1992}
}

@book{Baker2011,
	address = {London and New York},
	author = {Baker, Mona},
	edition = {2},
	isbn = {9780415467537},
	pages = {353},
	publisher = {Routledge},
	title = {{In other words: a coursebook on translation}},
	year = {2011}
}

@incollection{Fraser2006,
	author = {Fraser, Bruce},
	booktitle = {Approaches to discourse particles},
	series = {Studies in Pragmatics},
	volume = {1},
	editor = {Fischer, Kirsten},
	pages = {189--204},
	publisher = {Elsevier Ltd.},
	title = {{Towards a theory of discourse markers}},
	doi = {10.1163/9780080461588\_012},
	year = {2006}
}

@book{Biber1999,
	author = {Biber, Douglas and Conrad, Susan and Finegan, Edward and Johansson, Stig and Leech, Geoffrey and Conrad, Susan and Finegan, Edward and Quirk, Randolph and Johansson, Stig and Leech, Geoffrey and Conrad, Susan and Finegan, Edward and Quirk, Randolph},
	isbn = {9780582237254},
	address = {Edinburgh Gale},
	publisher = {Pcarson Education Limited},
	edition = {6},
	title = {{Longman grammar of spoken and written English}},
	volume = {2},
	year = {2007}
}

@article{Liu2008,
	author = {Liu, Dilin},
	doi = {10.1075/ijcl.13.4.05liu},
	isbn = {1384-6655$\backslash$r1569-9811},
	issn = {1384-6655},
	journal = {International Journal of Corpus Linguistics},
	number = {4},
	pages = {491--518},
	publisher = {John Benjamins Publishing Company},
	title = {{Linking adverbials: An across-register corpus study and its implications}},
	volume = {13},
	year = {2008}
}

@book{Priyatkina2001,
	author = {Priyatkina, A. F. and Starodumova, E. A. and Sergeeva, G. N. and etc},
	address = {Vladivostok},
	publisher = {Far Eastern Federal University},
	title = {{A Russian dictionary of functional words [Slovar’ sluzhebnyh slov russkogo jazyka]}},
	year = {2001}
}

@article{Novikova2008,
	author = {Novikova, N.I.},
	journal = {Voronezh State University of Architecture and Civil Engineering Herald},
	series = {Advanced Linguistic and Pedagogical Research [Sovremennye lingvisticheskie i metodiko-didakticheskie issledovanija]},
	volume = {1},
	number = {10},
	pages = {92--100},
	title = {{Connectives as cohesive devices in an asyndetic composite sentence [Konnektory kak svjazujushhie sredstva v bessojuznom slozhnom predlozhenii]}},
	year = {2008}
}

@book{Shvedova1980,
	author = {Shvedova, N. Ju.},
	address = {Moscow},
	publisher = {Science [Nauka]},
	title = {{Russian Grammar [Grammatika russkogo jazyka]}},
	url = {rusgram.narod.ru/},
	urldate = {. (Accessed: 28 June 2022).},
	year = {1980}
}


@inproceedings{Heafield2011,
	author = {Heafield, Kenneth},
	booktitle = {Proceedings of the EMNLP 2011 Sixth Workshop on Statistical Machine Translation},
	editor = {Callison-Burch, Chris and Koehn, Philipp and Monz, Christof and Zaidan, Omar F.},
	pages = {187--197},
	publisher = {Association for Computational Linguistics},
	title = {{KenLM: faster and smaller language model queries}},
	url = {aclanthology.org/W11-2123.pdf},
	urldate = {. (Accessed: 28 June 2022).},
	year = {2011}
}

@article{Bestgen2014,
	author = {Bestgen, Yves and Granger, Sylviane},
	doi = {10.1016/j.jslw.2014.09.004},
	journal = {Journal of Second Language Writing},
	pages = {28--41},
	title = {{Quantifying the development of phraseological competence in L2 English writing: An automated approach}},
	volume = {26},
	year = {2014}
}

@article{Bestgen2017,
	author = {Bestgen, Yves},
	doi = {10.1016/j.system.2017.08.004},
	journal = {System},
	keywords = {Association measure,Formulaic sequence L2 writing assessment,Lexical diversity,Lexical sophistication,Mutual information,Replication study},
	pages = {65--78},
	title = {{Beyond single-word measures: L2 writing assessment, lexical richness and formulaic competence}},
	year = {2017}	
}

@incollection{Granger2017,
	address = {Louvain-la-Neuve},
	author = {Granger, Sylviane and Bestgen, Yves},
	booktitle = {Language, Learners and Levels: Progression and Variation},
	editor = {de Haan, P. de Vries and van Vuuren, S.},
	pages = {385--408},
	publisher = {Presses universitaires de Louvain},
	title = {{Using collgrams to assess L2 phraseological development: A replication study}},
	url = {www.i6doc.com/en/book/?gcoi=28001100826850},
	urldate = {. (Accessed: 28 June 2022).},
	year = {2017}
}

@misc{Johansson2008,
	author = {Johansson, Stig},
	pages = {168},
	title = {{Contrastive analysis and learner language: A corpus-based approach}},
	publisher = {University of Oslo},
	url = {www.hf.uio.no/ilos/english/research/groups/English\_Language\_and\_Corpus\_Linguistics\_Research/papers/contrastive-analysis-and-learner-language\_learner-language-part.pdf},
	urldate = {. (Accessed: 28 June 2022).},
	year = {2008}
}

@incollection{Gries2010,
	author = {Gries, Stefan},
	booktitle = {A Mosaic of Corpus Linguistics: Selected Approaches},
	publisher = {Peter Lang},
	address = {Frankfurt am Main},
	editor = {S{\'{a}}nchez, Aquilino and Almela, Mois{\'{e}}s},
	pages = {269--291},
	title = {{Useful statistics for corpus linguistics}},
	url = {citeseerx.ist.psu.edu/viewdoc/download?doi=10.1.1.160.9846{\&}rep=rep1{\&}type=pdf},
	urldate = {. (Accessed: 28 June 2022).},
	year = {2010}
}

@incollection{Evert2009,
	address = {Berlin},
	author = {Evert, Stefan},
	booktitle = {Corpus linguistics. An international handbook},
	editor = {L{\"{u}}deling, A. and Kyto, M},
	pages = {1211--1248},
	publisher = {Mouton de Gruyter},
	title = {{Corpora and collocations}},
	url = {stephanie-evert.de/PUB/Evert2007HSK\_extended\_manuscript.pdf},
	urldate = {. (Accessed: 31 July 2022).},
	year = {2009}
}

@inproceedings{Rehurek2010,
	title = {{Software framework for topic modelling with large corpora}},
	author = {Radim {\v R}eh{\r u}{\v r}ek and Petr Sojka},
	booktitle = {{Proceedings of the LREC 2010 Workshop on New Challenges for NLP Frameworks}},
	pages = {45--50},
	year = {2010},
	month = {22 May},
	publisher = {ELRA},
	address = {Valletta, Malta},
	url = {is.muni.cz/publication/884893/en},
	urldate = {. (Accessed: 29 June 2022).},
}

@inproceedings{Bouma2009,
	author = {Bouma, Gerlof},
	booktitle = {Proceedings of the German Society for Computational Linguistics and Language Technology (GSCL)},
	location = {Potsdam},
	month = {30 September},
	pages = {31--40},
	url = {svn.spraakdata.gu.se/repos/gerlof/pub/www/Docs/npmi-pfd.pdf},
	urldate = {. (Accessed: 29 June 2022).},
	title = {{Normalized (pointwise) mutual information in collocation extraction}},
	year = {2009}
}

@article{Shah2013,
	author = {Shah, Kashif and Avramidis, Eleftherios and Bi{\c{c}}ici, Ergun and Specia, Lucia},
	doi = {10.2478/pralin-2013-0008},
	issn = {0032-6585},
	journal = {The Prague Bulletin of Mathematical Linguistics},
	number = {1},
	pages = {19--30},
	title = {{QuEst -- design, implementation and extensions of a framework for machine translation quality estimation}},
	volume = {100},
	year = {2013}
}

@phdthesis{Scarton2016,
	author = {Scarton, Carolina},
	school = {University of Sheffield},
	title = {{Document-level machine translation quality estimation}},
	url = {etheses.whiterose.ac.uk/16763/{\%}0Acore.ac.uk/download/pdf/80689294.pdf},
	urldate = {. (Accessed: 29 June 2022).},
	year = {2016}
}

@misc{Specia2016,
	author = {Specia, Lucia and Scarton, Carolina and Specia, Lucia},
	title = {{Translation quality estimation tutorial hands-on QuEst++}},
	url = {coling2016.anlp.jp/doc/tutorial/slides/T4/QE\_Coling2016\_handout.pdf},
	urldate = {. (Accessed: 29 June 2022).},
	year = {2016}
}

