@incollection{Berman1985,
	author = {Berman, Antoine},
		title = {{Translation and the trials of the foreign (translated by Lawrence Venuti)}},
	booktitle = {The Translations Studies Reader (2000)},
	editor = {Venuti, Lawrence and Baker, Mona},
	pages = {284--297},
	address = {London/New York},
	publisher = {Routledge},
	year = {1985}
}

@incollection{Baker1993,
	author = {Baker, Mona},
	booktitle = {Text and Technology: In honour of John Sinclair},
	pages = {232--250},
	address = {Amsterdam},
	publisher = {John Benjamins Publishing Company},
	title = {{Corpus linguistics and translation studies: Implications and applications}},
	editor = {Baker, M. and Francis, G. and Tognini-Bonelli, E.},
	doi = {10.1075/z.64.15bak},
	year = {1993}
}

@article{Pym2003,
	author = {Pym, Anthony},
	doi = {10.7202/008533ar},
	isbn = {0026-0452},
	issn = {0026-0452},
	journal = {Meta: Journal des traducteurs},
	number = {4},
	pages = {481--497},
	title = {{Redefining translation competence in an electronic age. In defence of a minimalist approach}},
	volume = {48},
	year = {2003}
}


@article{Sutter2017,
	author = {De Sutter, Gert and Cappelle, Bert and De Clercq, Orph{\'e}e and Loock, Rudy and Plevoets, Koen},
	journal = {Linguistica Antverpiensia},
	pages = {25--39},
	title = {{Towards a corpus-based, statistical approach to translation quality: Measuring and visualizing linguistic deviance in student translations}},
	doi = {10.52034/lanstts.v16i0.440},
	volume = {16},
	year = {2017}
}

@incollection{Scarpa2006,
	address = {Bern},
	author = {Scarpa, Federica},
	booktitle = {Insights into specialized translation},
	editor = {Gotti, Maurizio and Sarcevic, Susan and {\v{S}}ar{\v{c}}evi{\'{c}}, Susan},
	pages = {155--172},
	publisher = {Peter Lang},
	title = {{Corpus-based quality-assessment of specialist translation: A study using parallel and comparable corpora in English and Italian}},
	url = {tinyurl.com/ygefcko5},
	urldate = {. (Accessed: 16 June 2022).},
	year = {2006}
}

@article{Rabadan2009,
	author = {Rabad{\'{a}}n, Rosa and Labrador, Bel{\'{e}}n and Ram{\'{o}}n, Noelia},
	doi = {10.1075/babel.55.4.01rab},
	issn = {1569â€“9668},
	journal = {Babel},
	number = {4},
	pages = {303--328},
	title = {{Corpus-based contrastive analysis and translation universals: A tool for translation quality assessment}},
	volume = {55},
	year = {2009}
}

@inproceedings{Loock2013,
	title={Traductologie de corpus et qualit{\'e}: {\'e}tude de cas},
	author={Loock, Rudy and Mariaule, Micha{\"e}l and Oster, Corinne},
	booktitle={Actes du colloque Tralogy II, session 5 -- Assessing Quality in MT/Mesure de la qualit{\'e} en TA},
	month = {18 January},
	url = {hal.archives-ouvertes.fr/hal-02497533/document},
	urldate = {. (Accessed: 16 June 2022).},
	location = {Paris},
	publisher={Tralogy},
	year={2013}
}


@book{Loock2016,
	title={La traductologie de corpus},
	author={Loock, Rudy},
	year={2016},
	publisher={Presses universitaires du Septentrion},
	address = {Villeneuve d'Ascq}
}


@inproceedings{Yuan2016,
	author = {Yuan, Yu and Sharoff, Serge and Babych, Bogdan},
	booktitle = {Proceedings of the 10th International Conference on Language Resources and Evaluation (LREC 2016)},
	title = {{MoBiL: A hybrid feature set for automatic human translation quality assessment}},
	url = {github.com/karlmoritz/bicvm},
	year = {2016}
}

@phdthesis{Yuan2018,
	title={Human Translation Quality Estimation: Feature-based and deep learning-based},
	author={Yuan, Yu},
	year={2018},
	school={University of Leeds},
	url = {etheses.whiterose.ac.uk/26290/},
	urldate = {. (Accessed: 21 October 2021).}
}

@inproceedings{Yuan2020,
	author = {Yuan, Yu and Sharoff, Serge},
	booktitle = {Proceedings of the 12th Language Resources and Evaluation Conference},
	keywords = {attention mechanism,human translation quality estimation,neural networks,sentence-level},
	pages = {1858--1865},
	title = {{Sentence level human translation quality estimation with attention-based neural networks}},
	url = {www.atanet.org/certification/},
	year = {2020}
}

@incollection{Laviosa2008,
	author = {Laviosa, Sara},
	booktitle = {Beyond descriptive translation studies: Investigations in homage to Gideon Toury},
	doi = {10.1075/btl.75.10lav},
	editor = {Pym, Anthony and Shlesinger, Miriam and Simeoni, Daniel},
	isbn = {9789027291677},
	issn = {09297316},
	pages = {119--132},
	address = {Amsterdam/Philadelphia},
	publisher = {John Benjamins Publishing Company},
	title = {{Description in the translation classroom: Universals as a case in point}},
	year = {2008}
}

@article{Delaere2012,
	author = {Delaere, Isabelle and De Sutter, Gert and Plevoets, Koen},
	doi = {10.1075/target.24.2.01del},
	isbn = {0924-1884},
	issn = {0924-1884},
	journal = {Target},
	number = {2},
	pages = {203--224},
	title = {{Is translated language more standardized than non-translated language? Using profile-based correspondence analysis for measuring linguistic distances between language varieties}},
	volume = {24},
	year = {2012}
}


@inproceedings{CallisonBurch2007,
	author = {Callison-Burch, Chris and Fordyce, Cameron and Koehn, Philipp and Monz, Christof and Schroeder, Josh},
	booktitle = {Proceedings of the 2nd Workshop on Statistical Machine Translation},
	pages = {136--158},
	location = {Prague},
	month = {23 June},
	publisher = {Association for Computational Linguistics},
	title = {{(Meta-)evaluation of machine translation}},
	doi = {10.3115/1626355.1626373},
	year = {2007}
}

@inproceedings{Carl2010,
	author = {Carl, Michael and Buch-Kromann, Matthias},
	booktitle = {Proceedings of the 14th Annual conference of the European Association for Machine Translation},
	title = {{Correlating translation product and translation process data of professional and student translators}},
	month = {27--28 May},
	location = {Saint-Rapha{\"{e}}l},
	publisher = {European Association for Machine Translation},
	url = {aclanthology.org/2010.eamt-1.14.pdf},
	urldate = {. (Accessed: 16 June 2022).},
	year = {2010}
}

@article{Bowker2001,
	author = {Bowker, Lynne},
	doi = {10.7202/002135ar},
	isbn = {0026-0452},
	issn = {0026-0452},
	journal = {Meta: Journal des traducteurs},
	number = {2},
	pages = {345--364},
	title = {{Towards a methodology for a corpus-based approach to translation evaluation}},
	volume = {46},
	year = {2001}
}

@incollection{Massey2019,
	author = {Massey, Gary and Wieder, Regine},
	booktitle = {Quality assurance and assessment practices in translation and interpreting},
	series = {Advances in linguistics and communication studies},
	doi = {10.4018/978-1-5225-5225-3.ch003},
	editor = {Huertas-Barros, Elsa and Vandepitte, Sonia and Iglesias-Fernandez, Emilia},
	isbn = {9781522552253},
	pages = {57--87},
	address = {Hershey PA},
	publisher = {Information Science Reference},
	title = {{Quality assurance in translation and corporate communications}},
	year = {2019}
}

@mastersthesis{Aharoni2015,
	author = {Aharoni, Roee},
	school = {Bar-Ilan University},
	title = {{Automatic detection of machine translated text and translation quality estimation}},
	url = {www.roeeaharoni.com/thesis.pdf},
	urldate = {. (Accessed: 10 December 2019).},
	year = {2015}
}

@article{Aranberri2020,
	author = {Aranberri, Nora},
	doi = {10.26342/2020-64-11},
	issn = {19897553},
	journal = {Procesamiento de Lenguaje Natural},
	number = {1},
	pages = {93--100},
	title = {{Can translationese features help users select an MT system for post-editing?}},
	volume = {64},
	year = {2020}
}


@incollection{Carter2012,
	author = {Carter, Dave and Inkpen, Diana},
	booktitle = {Advances in Artificial Intelligence -- 25th Canadian Conference on Artificial Intelligence},
	pages = {49--60},
	series = {Lecture Notes in Computer Science, vol. 7310},
	editor = {Kosseim, Leila and Inkpen, Diana},
	publisher = {Springer},
	month = {28-30 May},
	location = {Toronto},
	title = {{Searching for poor quality machine translated text: Learning the difference between human writing and machine translations}},
	doi = {10.1007/978-3-642-30353-1\_5},
	year = {2012}
}

@inproceedings{Specia2015quest,
	author = {Specia, Lucia and Paetzold, Gustavo Henrique and Scarton, Carolina},
	booktitle = {Proceedings of ACL-IJCNLP 2015 System Demonstrations},
	doi = {10.3115/v1/p15-4020},
	editor = {Chen, Hsin-Hsi and Markert, Katja},
	isbn = {9781941643990},
	pages = {115--120},
	location = {Beijing},
	month = {27 July},
	publisher = {Association for Computational Linguistics},
	title = {{Multi-level translation quality prediction with QUEST++}},
	year = {2015}
}

@article{Fawcett1981,
	author = {Fawcett, Peter},
	issn = {0026-0452},
	journal = {Meta: Journal des traducteurs},
	number = {2},
	pages = {141},
	title = {{Teaching translation theory}},
	volume = {26},
	doi = {10.7202/002734ar},
	year = {1981}
}


@inproceedings{MinacoriVibert2010,
	author = {{Minacori Vibert}, Patricia},
	booktitle = {Reconceptualizing LSP. Online proceedings of the XVII European LSP Symposium 2009},
	pages = {1--21},
	month = {17--21 August},
	location = {Aarhus},
	publisher = {Aarhus School of Business, Aarhus University},
	title = {{Translation assessment: The creation of a computer interface}},
	url = {www.asb.dk/fileadmin/www.asb.dk/isek/vibert.pdf},
	urldate = {. (Accessed: 16 June 2022).},
	year = {2010}
}


@incollection{Lapshinova2017,
	author = {Lapshinova-Koltunski, Ekaterina},
	doi = {10.1515/9783110459586-008},
	isbn = {9783110459586},
	booktitle = {Empirical Translation Studies. New Theoretical and Methodological Traditions},
	series = {Trends in Linguistics. Studies and Monographs, vol. 300},
	editor = {De Sutter, Gert and Lefer, Marie-Aude and Delaere Isabelle},
	pages = {207--234},
	publisher = {De Gruyter Mouton},
	address = {Berlin/Boston},
	title = {{Exploratory analysis of dimensions influencing variation in translation. The case of text register and translation method}},
	year = {2017}
}

@mastersthesis{Volansky2012,
	author = {Volansky, Vered},
	pages = {47},
	school = {University of Haifa},
	title = {{On the Features of Translationese}},
	type = {Master thesis},
	url = {cs.haifa.ac.il/~shuly/publications/vered-thesis.pdf},
	urldate = {. (Accessed: 16 June 2022).},
	year = {2012}
}

@article{Volansky2015,
	author = {Volansky, Vered and Ordan, Noam and Wintner, Shuly},
	doi = {10.1093/llc/fqt031},
	issn = {2055-7671},
	journal = {Digital Scholarship in the Humanities},
	number = {1},
	pages = {98--118},
	title = {{On the features of translationese}},
	volume = {30},
	year = {2015}
}

@inproceedings{Sominsky2019,
	location = {Varna},
	author = {Sominsky, Ilia and Wintner, Shuly},
	booktitle = {Proceedings of the International Conference on Recent Advances in Natural Language Processing (RANLP 2019)},
	doi = {10.26615/978-954-452-056-4\_130},
	editor = {Mitkov, Ruslan and Angelova, Galia},
	pages = {1131--1140},
	publisher = {INCOMA Ltd.},
	month = {2--4 September},
	title = {{Automatic Detection of Translation Direction}},
	year = {2019}
}

@article{Evert2017,
	author = {Evert, Stefan and Neumann, Stella},
	journal = {Empirical Translation Studies: New Methodological and Theoretical Traditions},
	pages = {47--80},
	publisher = {Walter de Gruyter GmbH},
	address = {Berlin/Munich/Boston},
	title = {{The impact of translation direction on characteristics of translated texts: A multivariate analysis for English and German}},
	volume = {300},
	doi = {10.1515/9783110459586-003},
	year = {2017}
}


@inproceedings{Chowdhury2021,
	author = {Chowdhury, Koel Dutta and Esp{\~{a}}na-Bonet, Cristina and van Genabith, Josef},
	booktitle = {Proceedings of the International Conference on Recent Advances in Natural Language Processing (RANLP 2021)},
	isbn = {9789544520724},
	pages = {380--390},
	location = {Varna (remote)},
	publisher = {INCOMA Ltd.},
	month = {6--8 September},
	doi = {10.26615/978-954-452-072-4\_043},
	title = {{Tracing source language interference in translation with graph-isomorphism measures}},
	year = {2021}
}


@inproceedings{Chowdhury2020,
	address = {Barcelona (remote)},
	author = {Chowdhury, Koel Dutta and Esp{\~{a}}na-Bonet, Cristina and van Genabith, Josef and Genabith, JosefVan},
	booktitle = {Proceedings of the 28th International Conference on Computational Linguistics},
	month = {8--13 December},
	pages = {6056--6062},
	publisher = {International Committee on Computational Linguistics},
	title = {{Understanding translationese in multi-view embedding spaces}},
	doi = {10.18653/v1/2020.coling-main.532},
	year = {2020}
}

@inproceedings{Baroni2005,
	title={Spotting translationese: A corpus-driven approach using support vector machines},
	author={Bernardini, Silvia and Baroni, Marco},
	booktitle={Proceedings of Corpus Linguistics 2005},
	volume={1},
	pages={1--12},
	year={2005},
	url = {tinyurl.com/yk5z3sck},
	urldate = {. (Accessed: 17 June 2022).},
	publisher={University of Birmingham}
}

@inproceedings{Popescu2011,
	author = {Popescu, Marius},
	booktitle = {Proceedings of the International Conference Recent Advances in Natural Language Processing (RANLP 2011)},
	month = {September},
	location = {Hissar},
	pages = {634--639},
	title = {{Studying translationese at the character level}},
	url = {aclweb.org/anthology/R11-1091},
	urldate = {. (Accessed: 17 June 2022).},
	year = {2011}
}

@inproceedings{Eetemadi2015,
	author = {Eetemadi, Sauleh and Toutanova, Kristina},
	pages = {103--109},
	title = {{Detecting translation direction: A cross-domain study}},
	booktitle={Proceedings of the 2015 Conference of the North American Chapter of the Association for Computational Linguistics: Student Research Workshop},
	location = {Denver},
	month = {31 May--5 June},
	doi = {10.3115/v1/N15-2014},
	year = {2015}
}

@inproceedings{Rabinovich2017,
	archivePrefix = {arXiv},
	arxivId = {1704.07146},
	author = {Rabinovich, Ella and Ordan, Noam and Wintner, Shuly},
	booktitle = {Proceedings of the 55th Annual Meeting of the Association for Computational Linguistics (Volume 1: Long Papers)},
	doi = {10.18653/v1/P17-1049},
	eprint = {1704.07146},
	location = {Vancouver},
	month = {30 July--4 August},
	pages = {530--540},
	publisher = {Association for Computational Linguistics},
	title = {{Found in translation: reconstructing phylogenetic language trees from translations}},
	year = {2017}
}

@incollection{Lapshinova2019,
	author = {Lapshinova-Koltunski, Ekaterina},
	editors = {Vandevoorde, Lore and Daems, Joke, and Defrancq, Bart},
	booktitle = {New Empirical Perspectives on Translation and Interpreting},
	series = {Advances in Translation and Interpreting Studies},
	address = {New York},
	publisher = {Routledge},
	title = {{Exploring linguistic differences between novice and professional translators with text classification}},
	doi = {10.4324/9780429030376-10},
	pages={215--238},
	year = {2019}
}

@article{Nikolaev2020,
	author = {Nikolaev, Dmitry and Karidi, Taelin and Kenneth, Neta and Mitnik, Veronika and Saeboe, Lilja and Abend, Omri},
	journal = {Linguistics Vanguard},
	title = {{Morphosyntactic predictability of translationese}},
	volume = {6},
	number = {1},
	pages = {1--12},
	publisher={De Gruyter Mouton},
	year = {2020},
	doi = {10.1515/lingvan-2019-0077},
}


@misc{Karakanta2019,
	author = {Karakanta, Alina and Teich, Elke},
	title = {{Detecting and analysing translationese with probabilistic language models}},
	note={(Conference presentation)},
	location = {Barcelona},
	booktitle = {Translation in Transition 4 Conference},
	month = {19--20 September},
	year = {2019}
}

@inproceedings{Pylypenko2021,
	author = {Pylypenko, Daria and Amponsah-Kaakyire, Kwabena and Chowdhury, Koel Dutta and van Genabith, Josef and Espa{\~n}a-Bonet, Cristina},
	booktitle = {Proceedings of the 2021 Conference on Empirical Methods in Natural Language Processing},
	doi = {10.18653/v1/2021.emnlp-main.676},
	location = {Online and Punta Cana},
	month = {7--11 November},
	pages = {8596--8611},
	publisher = {Association for Computational Linguistics},
	title = {{Comparing feature-engineering and feature-learning approaches for multilingual translationese classification}},
	year = {2021}
}

@inproceedings{Laubli2018,
	author = {L{\"{a}}ubli, Samuel and Sennrich, Rico and Volk, Martin},
	booktitle = {Proceedings of the 2018 Conference on Empirical Methods in Natural Language Processing},
	pages = {4791--4796},
	title = {{Has machine translation achieved human parity? A case for document-level evaluation}},
	doi = {10.18653/v1/D18-1512},
	location = {Brussels},
	publisher = {Association for Computational Linguistics},
	month = {2--4 November},
	year = {2018}
}

@inproceedings{Voita2019,
	author = {Voita, Elena and Sennrich, Rico and Titov, Ivan},
	booktitle = {Proceedings of the 57th Annual Meeting of the Association for Computational Linguistics},
	pages = {1198--1212},
	location = {Florence},
	publisher = {Association for Computational Linguistics},
	month = {28 July--2 August},
	title = {{When a good translation is wrong in context: Context-aware machine translation improves on deixis, ellipsis, and lexical cohesion}},
	doi = {10.18653/v1/P19-1116},
	year = {2019}
}

@article{Hu2021,
	author = {Hu, Hai and K{\"u}bler, Sandra},
	doi = {10.1017/S1351324920000182},
	journal = {Natural Language Engineering},
	pages = {339--372},
	title = {{Investigating Translated Chinese and Its Variants Using Machine Learning}},
	volume = {27},
	number = {3},
	year = {2021}
}

@inproceedings{Rubino2016,
	author = {Rubino, Raphael and Lapshinova-Koltunski, Ekaterina and {Van Genabith}, Josef},
	booktitle = {Proceedings of the 2016 Conference of the North American Chapter of the Association for Computational Linguistics: Human Language Technologies},
	pages = {960--970},
	title = {{Information Density and Quality Estimation Features as Translationese Indicators for Human Translation Classification}},
	location = {San Diego},
	month = {12--17June},
	publisher = {The Association for Computational Linguistics},
	doi = {10.18653/v1/N16-1110},
	year = {2016}
}

@phdthesis{Ranasinghe2021,
	title={Deep learning based semantic textual similarity for applications in translation technology},
	author={Ranasinghe, Tharindu},
	year={2021},
	school={University of Wolverhampton},
	url = {wlv.openrepository.com/handle/2436/624530},
	urldate = {. (Accessed: 17 June 2022).}
}

@incollection{Chesterman2004,
	address = {Amsterdam/Philadelphia:},
	author = {Chesterman, Andrew},
	booktitle = {Claims, Changes and Challenges in Translation Studies},
	doi = {10.1075/btl.50.02che},
	editor = {Hansen, G. and Malmkj{\ae}r, K. and Gile, D.},
	isbn = {1-588-11509-7},
	pages = {1--14},
	publisher = {John Benjamins Publishing Company},
	title = {{Hypotheses about translation universals}},
	year = {2004}
}

@book{HansenSchirra2012,
	author = {Hansen-Schirra, Silvia and Steiner, Erich and Neumann, Stella},
	isbn = {9783110260298},
	title = {{Insights from the Language Pair English-German. Cross-linguistic corpora for the study of translations}},
	publisher = {Walter de Gruyter GmbH},
	address = {Berlin/Boston},
	year = {2012}
}