@inbook{Kunilovskaya2021cult,
	author = {Kunilovskaya, Maria and Kuzmenko, Elizaveta},
	booktitle = {Analysis of Images, Social Networks and Texts},
	series = {Lecture Notes in Computer Science},
	pages = {81--94},
	location = {Tbilisi},
	month = {16--18 December 2021},
	publisher = {Springer},
	title = {{Multilingual embeddings for clustering cultural events}},
	url = {www.academia.edu/81818455/Multilingual\_Embeddings\_for\_Clustering\_Cultural\_Events},
	urldate = {. (Accessed: 17 June 2022).},
	volume = {13217},
	year = {2022}
}

@inproceedings{Kunilovskaya2021lit,
	author = {Kunilovskaya, Maria and Lapshinova-koltunski, Ekaterina and Mitkov, Ruslan},
	booktitle = {Proceedings of the 5th Joint SIGHUM Workshop on Computational Linguistics for Cultural Heritage, Social Sciences, Humanities and Literature},
	title = {{Translationese in Russian literary texts}},
	location = {Punta Cana (online)},
	publisher = {Association for Computational Linguistics},
	month = {7--11 November},
	doi = {10.18653/v1/2021.latechclfl-1.12},
	pages = {101--112},
	year = {2021}
}

@inproceedings{Kunilovskaya2021ranlp,
	author = {Kunilovskaya, Maria and Lapshinova-Koltunski, Ekaterina and Mitkov, Ruslan},
	booktitle = {Proceedings of the International Conference on Recent Advances in Natural Language Processing (RANLP 2021)},
	pages = {739--747},
	location = {Varna (online)},
	publisher = {INCOMA Ltd.},
	month = {6--8 September},
	title = {{Fiction in Russian translation: A translationese study}},
	doi = {10.26615/978-954-452-072-4\_084},
	year = {2021}
}

@inproceedings{Kunilovskaya2021prepro,
	author = {Kunilovskaya, Maria and Plum, Alistair},
	booktitle = {Proceedings of the Student Research Workshop Associated with RANLP 2021},
	pages = {85--93},
	location = {Varna (online)},
	month = {1--3 September},
	title = {{Text preprocessing and its implications in a digital humanities project}},
	year = {2021},
	publisher = {INCOMA Ltd.},
	url = {aclanthology.org/2021.ranlp-srw.13.pdf},
	urldate = {. (Accessed: 19 June 2022).}
}

@article{Kunilovskaya2022err,
	author = {Kunilovskaya, Maria and Ilyushchenya, Tatyana and Morgoun, Natalia and Mitkov, Ruslan},
	journal = {Target},
	title = {{Source language difficulties in learner translation: Evidence from an error-annotated corpus}},
	doi = {10.1075/target.20189.kun},
	year = {2022}
}

@incollection{Kunilovskaya2021regs,
	author = {Kunilovskaya, Maria and Pastor, Gloria Corpas},
	booktitle = {New Frontiers in Translation Studies},
	doi = {10.1007/978-981-16-4918-9\_6},
	editor = {Wang, Vincent X. and Li, Defeng and Lim, Lily},
	isbn = {978-981-16-4917-2},
	issn = {21978697},
	pages = {133--180},
	address = {Singapore},
	publisher = {Springer Nature},
	title = {{Translationese and register variation in English-to-Russian professional translation}},
	year = {2021}
}

@inproceedings{Kunilovskaya2020wordnet,
	author = {Kunilovskaya, Maria and Kutuzov, Andrey and Plum, Alister},
	booktitle = {Computational Linguistics and Intellectual Technologies: papers from the Annual conference ``Dialogue''},
	pages = {459--469},
	title = {{Taxonomy enrichment for Russian: Synset classification outperforms linear hyponym‑hypernym projections}},
	volume = {19(26)},
	year = {2020}
}

@inproceedings{Kunilovskaya2020vars,
	author = {Kunilovskaya, Maria and Lapshinova-Koltunski, Ekaterina},
	booktitle = {Proceedings of the 12th Conference on Language Resources and Evaluation (LREC 2020)},
	pages = {4102--4112},
	location = {Marseille (online)},
	publisher = {The European Language Resources Association (ELRA)},
	month = {13--15 June},
	title = {{Lexicogrammatic translationese across two targets and competence levels}},
	url = {aclanthology.org/2020.lrec-1.505},
	urldate = {. (Accessed: 16 April 2021).},
	year = {2020}
}

@inproceedings{Kunilovskaya2019crossling,
	author = {Kunilovskaya, Maria and Taslimipoor, Shiva and Ilyushchenya, Tatyana},
	booktitle = {Proceedings of the 12th Workshop on Building and Using Comparable Corpora (BUCC 2019)},
	pages = {37--45},
	title = {{Functional text representations for building cross-linguistic comparable corpora in English and Russian}},
	location = {Varna},
	month = {5 September},
	year = {2019}
}

@inproceedings{Kunilovskaya2019similar,
	author = {Kunilovskaya, Maria and Sharoff, Serge},
	booktitle = {Proceedings of the International Conference on Recent Advances in Natural Language Processing (RANLP 2019)},
	pages = {583--592},
	location = {Varna},
	publisher = {INCOMA Ltd.},
	month = {2--4 September},
	title = {{Towards functionally similar corpus resources for translation}},
	year = {2019}
}

@inproceedings{Kunilovskaya2019qua,
	author = {Kunilovskaya, Maria and Lapshinova-Koltunski, Ekaterina},
	booktitle = {Proceedings of the Human-Informed Translation and Interpreting Technology Workshop (HiT-IT 2019)},
	doi = {10.26615/issn.2683-0078.2019\_006},
	pages = {47--56},
	location = {Varna},
	publisher = {INCOMA Ltd.},
	month = {5-6 September},
	title = {{Translationese features as indicators of quality in English-Russian human translation}},
	year = {2019}
}

@inproceedings{Kunilovskaya2018ud,
	author = {Kunilovskaya, Maria and Kutuzov, Andrey},
	booktitle = {Proceedings of the 16th International Workshop on Treebanks and Linguistic Theories},
	editor = {Haji{\v{c}}, Jan},
	pages = {27--36},
	location = {Prague},
	publisher = {Association for Computational Linguistics},
	title = {{Universal Dependencies-based syntactic features in detecting human translation varieties}},
	month = {23--24 January},
	url = {aclanthology.org/W17-7606.pdf},
	urldate = {. (Accessed: 12 July 2022).},
	year = {2018}
}

@inproceedings{Kunilovskaya2018aranea,
	location = {Bratislava},
	month = {23--24 Novermber},
	author = {Kunilovskaya, Maria},
	booktitle = {Aranea 2018: Web Corpora as a Language Training Tool},
	pages = {49--61},
	publisher = {Univerzita Komensk{\'{e}}ho v Bratislave},
	title = {{Solving translation problems with Aranea}},
	year = {2018}
}

@article{Kunilovskaya2018profiles,
	author = {Kunilovskaya, Maria and Morgoun, Natalia and Pariy, Alexey},
	doi = {10.12807/ti.110201.2018.a03},
	issn = {18369324},
	journal = {Translation and Interpreting},
	number = {1},
	pages = {33--52},
	title = {{Learner vs. professional translations into {R}ussian: Lexical profiles}},
	volume = {10},
	year = {2018}
}

@inbook{Kutuzov2018size,
	author = {Kutuzov, A. and Kunilovskaya, M.},
	booktitle = {Analysis of Images, Social Networks and Texts},
	series = {Lecture Notes in Computer Science},
	doi = {10.1007/978-3-319-73013-4\_5},
	isbn = {9783319730127},
	issn = {16113349},
	title = {{Size vs. structure in training corpora for word embedding models: Araneum Russicum maximum and Russian national corpus}},
	volume = {10716},
	pages = {47--58},
	publisher = {Springer},
	year = {2018}
}
@incollection{Kunilovskaya2017cohesion,
	author = {Kunilovskaya, Maria and Kutuzov, Andrey},
	booktitle = {New perspectives on cohesion and coherence: Implications for translation},
	doi = {10.5281/zenodo.814466},
	editor = {Menzel, Katrin and Lapshinova-Koltunski, Ekaterina and Kunz, Kerstin},
	pages = {75--104},
	publisher = {Language Science Press},
	title = {{Testing target text fluency: A machine learning approach to detecting syntactic translationese in English-Russian translation}},
	year = {2017}
}

@article{Kunilovskaya2017ske,
	author = {Kunilovskaya, Maria and Kovyazina, Marina},
	doi = {10.2478/jazcas-2018-0005},
	isbn = {9788026083603},
	journal = {Journal of Linguistics, Slovak Academy of Sciences},
	number = {3},
	pages = {503--507},
	title = {{Sketch Engine: a toolbox for linguistic discovery}},
	volume = {68},
	year = {2017}
}
@inproceedings{Kunilovskaya2017conn,
	author = {Kunilovskaya, Maria},
	booktitle = {Computational Linguistics and Intellectual Technologies: papers from the annual conference ``Dialogue''},
	pages = {221--233},
	location = {Moscow},
	month = {31 May--3 June},
	title = {{Linguistic tendencies in English to Russian translation: The case of connectives}},
	url = {://www.dialog-21.ru/media/3920/kunilovskayama.pdf},
	urldate = {. (Accessed: 16 April 2021).},
	volume = {2},
	year = {2017}
}
@inproceedings{Kunilovskaya2016corp,
	location = {Padova},
	author = {Kunilovskaya, Maria and Morgoun, Natalia},
	booktitle = {Proceedings of the 6th Conference The Future of Education},
	pages = {121−125},
	publisher = {Libreria Universitatria},
	title = {{Available corpora and error-annotated student translations in translator education}},
	year = {2016}
}

@article{Kunilovskaya2015far,
	author = {Kunilovskaya, Maria},
	journal = {English Studies at NBU},
	number = {1},
	pages = {18--31},
	title = {{How far do we agree on the quality of translation?}},
	volume = {1},
	doi = {10.33919/esnbu.15.1.2},
	publisher = {New Bulgarian University},
	address = {Sofia},
	year = {2015}
}

@incollection{Kutuzov2014rltc,
	author = {Kutuzov, Andrey and Kunilovskaya, Maria},
	booktitle = {Proceedings of the 17th International Conference Text, Speech and Dialogue},
	editor = {Sojka, P. and Hor{\'{a}}k, A. and Kope{\v{c}}ek, I. and Pala, K.},
	series = {Lecture Notes in Computer Science, vol. 8655},
	publisher = {Springer},
	pages = {315--323},
	title = {{Russian Learner Translator Corpus: Design, research potential and applications}},
	volume = {8655},
	month = {September},
	url = {www.tsdconference.org/tsd2014/download/preprints/690.pdf},
	urldate = {. (Accessed: 16 June 2022).},
	year = {2014}
}

@article{Kunilovskaya2013split,
	author = {Kunilovskaya, Maria A and Morgoun, Natalia},
	journal = {Вестник Пермского национального исследовательского политехнического университета. Проблемы языкознания и педагогики},
	keywords = {RusLTC,cohesion,discourse relations,sentence splitting,translator training},
	number = {8 (50)},
	pages = {152--166},
	title = {{Gains and pitfalls of sentence-splitting in translation}},
	year = {2013}
}

@inproceedings{Kutuzov2012building,
	location = {Moscow},
	author = {Kutuzov, Andrey and Kunilovskaya, Maria and Chepurkova, Anna and Oschepkov, Anatolyi},
	booktitle = {Computational Linguistics and Intellectual Technologies: Papers from the Annual International Conference "Dialogue"},
	pages = {362--369},
	publisher = {RGGU},
	title = {{Russian learner parallel corpus as a tool for translation studies}},
	url = {dialog-21.ru/digests/dialog2012/materials/pdf/133.pdf},
	urldate = {. (Accessed: 16 June 2022).},
	year = {2012}
}
