@inproceedings{Ahrenberg2017,
	author = {Ahrenberg, Lars},
	booktitle = {Proceedings of the First Workshop on Human-Informed Translation and Interpreting Technology (HiT-IT)},
	doi = {10.26615/978-954-452-042-7\_003},
	isbn = {9789544520427},
	pages = {21--28},
	location = {Varna},
	month = {7 September},
	title = {{Comparing machine translation and human translation: A case study}},
	year = {2017}
}

@article{Laubli2020,
	author = {L{\"{a}}ubli, Samuel and Castilho, Sheila and Neubig, Graham and Sennrich, Rico and Shen, Qinlan and Toral, Antonio},
	doi = {10.1613/JAIR.1.11371},
	eprint = {2004.01694},
	issn = {10769757},
	journal = {Journal of Artificial Intelligence Research},
	pages = {653--672},
	title = {{A set of recommendations for assessing human-machine parity in language translation}},
	volume = {67},
	number = {},
	year = {2020}
}

#/2007
@book{Nord1997,
	title={Translating as a purposeful activity: Functionalist approaches explained},
	author={Nord, Christiane},
	address = {Manchester},
	edition = {3},
	year={1997},
	url = {tinyurl.com/232uh6hj},
	urldate = {. (Accessed: 13 July 2022).},
	publisher={St Jerome}
}
 #/2014
@book{Reiss1984,
	title={Towards a general theory of translational action: Skopos theory explained},
	author={Reiss, Katharina and Vermeer, Hans J},
	address = {London/New York},
	edition = {3},
	year={1984},
	url = {tinyurl.com/2cvpc5er},
	urldate = {. (Accessed: 13 July 2022).},
	note = {translated by Christiane Nord, English reviewed by Marina Dudenhöfer},
	publisher={Routledge}
}
#/2012
@incollection{Vermeer1989,
	title = {Skopos and commission in translational action},
	author = {Vermeer, Hans J},
	booktitle = {The Translation Studies Reader},
	editor = {Venuti, Lawrence},
	address = {London/New York},
	edition = {3},
	pages = {191--202},
	year = {1989},
	url = {translationjournal.net/images/e-Books/PDF_Files/The%20Translation%20Studies%20Reader.pdf},
	urldate = {. (Accessed: 13 July 2022).},
	publisher = {Routledge}
}


@article{Chesterman2005,
	title = {Consilience in translation studies},
	author = {Chesterman, Andrew},
	journal = {Revista Canaria de Estudios Ingleses},
	volume = {51},
	year = {2005},
	pages = {19--32},
	url = {riull.ull.es/xmlui/bitstream/handle/915/18840/RCEI_51_(%202005)_02.pdf?sequence=1},
	urldate = {. (Accessed: 13 July 2022).},
	publisher={Universidad de La Laguna. Servicio de Publicaciones}
}

@techreport{Hassan2018,
	archivePrefix = {arXiv},
	arxivId = {1803.05567v2},
	author = {Hassan, Hany and Aue, Anthony and Chen, Chang and Chowdhary, Vishal and Clark, Jonathan and Federmann, Christian and Huang, Xuedong and Junczys-Dowmunt, Marcin and Lewis, William and Li, Mu and Liu, Shujie and Liu, Tie-Yan and Luo, Renqian and Menezes, Arul and Qin, Tao and Seide, Frank and Tan, Xu and Tian, Fei and Wu, Lijun and Wu, Shuangzhi and Xia, Yingce and Zhang, Dongdong and Zhang, Zhirui and Zhou, Ming},
	eprint = {1803.05567v2},
	institution = {Microsoft AI {\&} Research},
	title = {{Achieving human parity on automatic Chinese to English news translation}},
	url = {www.microsoft.com/en-us/research/uploads/prod/2018/03/final-achieving-human.pdf},
	urldate = {. (Accessed: 13 July 2022).},
	year = {2018}
}

@inproceedings{Vela2014,
	author = {Vela, Mihaela and Schumann, Anne-Catherine and Wurm, Andrea},
	booktitle = {Proceedings of the EACL Workshop on Humans and Computer-assisted Translation},
	pages = {47--56},
	location = {Gothenburg},
	month = {26 April},
	title = {{Beyond linguistic equivalence. An empirical study of translation evaluation in a translation learner corpus}},
	url = {www.aclweb.org/anthology/W/W14/W14-0308.pdf},
	urldate = {. (Accessed: 13 July 2022).},
	year = {2014}
}

@article{Chesterman1998,
	title={Causes, translations, effects},
	author={Chesterman, Andrew},
	journal={Target. International Journal of Translation Studies},
	volume={10},
	number={2},
	pages={201--230},
	year={1998},
	publisher={John Benjamins Publishing Company}
}

@inproceedings{Koponen2010,
	author = {Koponen, Maarit},
	booktitle = {Electronic proceedings of the VIII K{\"{a}}Tu symposium on translation and interpreting studies},
	pages = {1--12},
	title = {{Assessing machine translation quality with error analysis}},
	url = {www.sktl.fi/@Bin/40701/Koponen_MikaEL2010.pdf},
	urldate = {. (Accessed: 13 July 2022).},
	volume = {4},
	year = {2010}
}

@book{Nida1964,
	title = {Toward a science of translation},
	author = {Nida, Eugene Albert},
	year = {1964},
	publisher={Brill},
	address = {Leiden}
}

@book{Latyshev2003,
	title =     {Translation: Theory, Practice and Methodology of Teaching},
	author =    {Latyshev, L.K. and Semenov, A.L.},
	address = {Moscow},
	publisher = {Academiya},
	year =      {2003},
}

# not used, I think
@inproceedings{Han2021,
	title={Translation quality assessment: A brief survey on manual and automatic methods},
	author={Han, Lifeng and Jones, Gareth JF and Smeaton, Alan F},
	booktitle={Proceedings of the First Workshop on Modelling Translation - Translatology in the Digital Age (MoTra 2021)},
	location={Saarbrücken},
	month={31 May},
	pages={15--34},
	url = {aclanthology.org/2021.motra-1.3.pdf},
	urldate = {. (Accessed: 31 July 2022).},
	year={2021}
}

@inproceedings{Daems2013,
	title={Quality as the sum of its parts: A two-step approach for the identification of translation problems and translation quality assessment for HT and MT+PE},
	author={Daems, Joke and Macken, Lieve and Vandepitte, Sonia},
	booktitle={Proceedings of MT Summit XIV Workshop on Post-Editing Technology and Practice},
	volume={2},
	pages={63--71},
	location = {Nice},
	month = {2 September},
	url = {aclanthology.org/2013.mtsummit-wptp.8.pdf},
	urldate = {. (Accessed: 13 July 2022).},
	year={2013}
}

@book{Bittner2020,
	author = {Bittner, Hansj{\'{o}}rg},
	doi = {10.4324/9780367815882},
	isbn = {9780367417130},
	issn = {1932-8036},
	publisher = {Routledge},
	address = {New York/London},
	title = {{Evaluating the evaluator: A novel perspective on translation quality assessment}},
	year = {2020}
}

@inproceedings{Stymne2011,
	title={Blast: A tool for error analysis of machine translation output},
	author={Stymne, Sara},
	booktitle={Proceedings of the ACL-HLT 2011: System Demonstrations},
	pages={56--61},
	location = {Portland},
	month = {19--24 June},
	url = {aclanthology.org/P11-4010.pdf},
	urldate = {. (Accessed: 13 July 2022).},
	year={2011}
}


@inproceedings{EsperancaRodier2019,
	author = {Esperan{\c{c}}a-Rodier, Emmanuelle and Brunet-Manquat, Francis and Eady, Sophia},
	booktitle = {Translating and the Computer 41},
	location = {London},
	month = {22 November},
	pages = {27--36},
	title = {{ACCOL{\'{E}}: A collaborative platform of error annotation for aligned corpora}},
	url = {hal.archives-ouvertes.fr/hal-02363208},
	urldate = {. (Accessed: 13 July 2022).},
	year = {2019}
}

@inproceedings{vanBrussel2018,
	title={A fine-grained error analysis of NMT, SMT and RBMT output for English-to-Dutch},
	author={Van Brussel, Laura and Tezcan, Arda and Macken, Lieve},
	booktitle={Proceedings of the 11th International Conference on Language Resources and Evaluation (LREC 2018)},
	location = {Miyazaki},
	month = {7--12 May},
	year={2018},
	url = {biblio.ugent.be/publication/8561558/file/8563576},
	urldate = {. (Accessed: 13 July 2022).},
	pages = {3799--3804}
}

@article{Gil2006,
	author = {Gil, Jos{\{}$\backslash$'e{\}} Ram{\{}$\backslash$'o{\}}n Biau and Pym, Anthony},
	doi = {10.1002/9781405198431.wbeal1222},
	isbn = {9780415324977},
	journal = {Translation technology and its teaching},
	pages = {5--19},
	title = {{Technology and translation (a pedagogical overview)}},
	url = {tinyurl.com/26bgrvhz},
	urldate = {. (Accessed: 13 July 2022).},
	year = {2006}
}

@misc{Massardo2016,
	author = {Massardo, Isabella and {Van Der Meer}, Jaap and O'brien, Sharon and Hollowood, Fred and Aranberri, Nora and Drescher, Katrin},
	title = {{MT post-editing guidelines}},
	url={info.taus.net/mt-post-editing-guidelines},
	urldate = {. (Accessed: 13 July 2022).},
	year = {2016}
}

@article{Fomicheva2020,
	title={Unsupervised quality estimation for neural machine translation},
	author={Fomicheva, Marina and Sun, Shuo and Yankovskaya, Lisa and Blain, Fr{\'e}d{\'e}ric and Guzm{\'a}n, Francisco and Fishel, Mark and Aletras, Nikolaos and Chaudhary, Vishrav and Specia, Lucia},
	journal={Transactions of the Association for Computational Linguistics},
	volume={8},
	pages={539--555},
	year={2020},
	doi = {10.1162/tacl\_a\_00330},
	publisher={MIT Press}
}

@article{Waddington2001,
	author = {Waddington, Christopher},
	doi = {10.1515/LES.2004.28},
	issn = {09041699},
	journal = {Hermes},
	pages = {15--37},
	title = {{Should translations be assessed holistically or through error analysis?}},
	volume = {26},
	year = {2001}
}

@article{Doyle2003,
	author = {Doyle, Michael},
	journal = {The ATA Chronicle},
	number = {11},
	pages = {21--29},
	title = {{Translation pedagogy and assessment: Adopting ATA's framework for standard error marking}},
	url = {kavgic.com/srednjoengleski.info/docs/ATA\_Standard\_Error\_Marking\_Scheme.pdf},
	urldate = {. (Accessed: 14 July 2022).},
	volume = {32},
	year = {2003}
}

@incollection{Eyckmans2009,
	doi = {10.1075/ata.xiv.06eyc},
	editor = {Angelelli, Claudia V. and Jacobson, Holly E.},
	title = {The perks of norm-referenced translation evaluation},
	author = {Eyckmans, June and Anckaert, Philippe and Segers, Winibert},
	booktitle = {Testing and assessment in translation and interpreting studies},
	pages = {73--93},
	publisher = {John Benjamins Publishing Company},
	address = {Amsterdam / Philadelphia},
	year = {2009}
}

@article{Turner2010,
	title={Error deduction and descriptors--A comparison of two methods of translation test assessment},
	author={Turner, Barry and Lai, Miranda and Huang, Neng},
	journal={Translation \& Interpreting},
	volume={2},
	number={1},
	pages={11--23},
	url = {trans-int.org/index.php/transint/article/viewFile/42/66},
	urldate = {. (Accessed: 14 July 2022).},	
	year={2010}
}

@article{Williams2013,
	author = {Williams, Malcolm},
	issn = {2011799X},
	journal = {Mutatis Mutandis},
	number = {2},
	pages = {419--443},
	title = {{A holistic-componential model for assessing translation student performance and competency}},
	url = {revistas.udea.edu.co/index.php/mutatismutandis/article/download/17214/15459/62618},
	urldate = {. (Accessed: 14 July 2022).},
	volume = {6},
	year = {2013}
}

@article{Hegrenaes2020,
	title={Using rubrics for translation assessment: The case of the national translator accreditation exam in Norway},
	author={Hegren{\ae}s, Claudia Förster and Simonn{\ae}s, Ingrid},
	journal={Translatologia},
	volume={1},
	number={1},
	pages={27--51},
	url={www.translatologia.ukf.sk/2020/02/using-rubrics-for-translation-assessment-the-case-of-the-national-translator-accreditation-exam-in-norway/},
	urldate = {. (Accessed: 14 July 2022).},
	year={2020}
}

@article{Koby2005,
	author = {Koby, Geoffrey S. and Baer, Brian James},
	issn = {1832-6951},
	journal = {Translation Watch Quarterly},
	title = {{From professional certification to the translator training classroom: Adapting the ATA error marking scale}},
	volume = {1},
	year = {2005},
	url = {www.translocutions.com/tsi/twq/tranlsation\_watch\_quarterly\_December2005\_issue1\_sample.pdf#page=33},
	urldate = {. (Accessed: 14 July 2022).},
	pages = {33--45}
}

@inproceedings{Secara2005,
	author = {Secara, Alina},
	booktitle = {Proceedings of the eCoLoRe/MeLLANGE Workshop},
	location = {Leeds},
	month = {21--23 March},
	pages = {39--44},
	title = {{Translation evaluation - a state of the art survey}},
	url = {corpus.leeds.ac.uk/cts/\_publications/leeds-cts-2005-s/leeds-cts-2005-secara.pdf},
	urldate = {. (Accessed: 14 July 2022).},
	year = {2005}
}

@article{Phelan2017,
	title={Analytical assessment of legal translation: A case study using the American Translators Association framework},
	author={Phelan, Mary},
	journal={The Journal of Specialized Translation},
	volume={27},
	pages={189--210},
	url = {jostrans.org/issue27/art_phelan.pdf},
	urldate = {. (Accessed: 14 July 2022).},
	year={2017}
}


@article{House2001,
	author = {House, Juliane},
	doi = {10.7202/003141ar},
	issn = {0026-0452},
	journal = {Meta: Journal des traducteurs},
	number = {2},
	pages = {243},
	title = {{Translation quality assessment: Linguistic description versus social evaluation}},
	volume = {46},
	year = {2001}
}

@article{Beeby2005,
	author = {Beeby, A and Fern{\'{a}}ndez, M and Fox, O and Kozlova, I and Neunzig, W and Presas, M},
	doi = {10.7202/011004ar},
	isbn = {0026-0452},
	issn = {0026-0452},
	journal = {Meta: Journal des traducteurs},
	number = {2},
	pages = {609},
	title = {{Investigating translation competence: Conceptual and methodological issues}},
	volume = {50},
	year = {2005}
}

@manual{LISA2004,
	author={LISA},
	title = {{Localization Industry Primer}},
	institution =  {The Localization Industry Standards Association (LISA)},
	edition = {2},
	url = {www.immagic.com/eLibrary/ARCHIVES/GENERAL/LISA/L030625P.pdf},
	urldate = {. (Accessed: 14 July 2022).},
	year = {2004}
}

@manual{DQF-MQM2015,
	author={DQF-MQM},
	title = {{Multidimensional Quality Metrics (MQM) Definition}},
	project = {QT21},
	note = {www.qt21.eu/mqm-definition/definition-2015-12-30.html},
	urldate = {. (Accessed: 14 July 2022).},
	year = {2015}
}


@article{JimenezCrespo2009,
	author = {Jim{\'{e}}nez-Crespo, Miguel A},
	doi = {10.1075/jial.1.03jim},
	journal = {The Journal of Internationalization and Localization},
	number = {1},
	pages = {60--93},
	title = {{The evaluation of pragmatic and functionalist aspects in localization: Towards a holistic approach to quality assurance}},
	volume = {1},
	year = {2009}
}

@article{Popovic2017,
	author = {Popovi{\'{c}}, Maja},
	doi = {10.2478/pralin-2018-0010.PBML},
	journal = {The Prague Bulletin of Mathematical Linguistics},
	volume = {108},
	number = {1},
	pages = {209--220},
	pmid = {20829219},
	title = {{Comparing language related issues for NMT and PBMT between German and English}},
	year = {2017}
}

@inproceedings{Specia2018wmt,
	author = {Specia, Lucia and Blain, Fr{\'{e}}d{\'{e}}ric and Logacheva, Varvara and Astudillo, Ram{\'{o}}n F and Martins, Andr{\'{e}}},
	booktitle = {Proceedings of the Third Conference on Machine Translation (WMT)},
	doi = {10.18653/v1/W18-64078},
	pages = {689--709},
	title = {{Findings of the WMT 2018 shared task on quality estimation}},
	location = {Brussels},
	month = {31 October--1 November},
	volume = {2},
	year = {2018}
}

@inproceedings{Specia2020wmt,
	author = {Specia, Lucia and Blain, Fr{\'{e}}d{\'{e}}ric and Fomicheva, Marina and Fonseca, Erick and Chaudhary, Vishrav and Guzm{\'{a}}n, Francisco and Martins, Andr{\'{e}} F T},
	pages = {743--764},
	booktitle = {Proceedings of the Fifth Conference on Machine Translation (WMT)},
	title = {{Findings of the WMT 2020 shared task on quality estimation}},
	location = {Online},
    month = {19--20 November},
	url = {aclanthology.org/2020.wmt-1.79.pdf},
	urldate = {. (Accessed: 14 July 2022).},
	year = {2020}
}

@inproceedings{Specia2021wmt,
	title={Findings of the WMT 2021 shared task on quality estimation},
	author={Specia, Lucia and Blain, Fr{\'e}d{\'e}ric and Fomicheva, Marina and Zerva, Chrysoula and Li, Zhenhao and Chaudhary, Vishrav and Martins, Andr{\'e} FT},
	booktitle={Proceedings of the Sixth Conference on Machine Translation (WMT)},
	pages={684--725},
	location = {Punta Cana},
	month = {10--11 Novermber},
	url = {aclanthology.org/2021.wmt-1.71.pdf},
	urldate = {. (Accessed: 14 July 2022).},
	year={2021}
}


@book{Specia2018a,
	author = {Specia, Lucia and Scarton, Carolina and Paetzold, Gustavo Henrique},
	booktitle = {Synthesis Lectures on Human Language Technologies},
	doi = {10.2200/S00854ED1V01Y201805HLT039},
	issn = {19474040},
	pages = {i--148},
	title = {{Quality estimation for machine translation}},
	volume = {11},
	publisher = {Morgan \& Claypool Publishers},
	address = {San Rafael},
	year = {2018}
}

@inproceedings{Saadany2021,
	author = {Saadany, Hadeel and Orasan, Constantin},
	booktitle = {Proceedings of the Translation and Interpreting Technology Online Conference TRITON 2021},
	title = {{BLEU, METEOR, BERTScore: Evaluation of metrics performance in assessing critical translation errors in sentiment-oriented text}},
	month = {5--7 July},
	location = {Online},
	doi = {10.26615/978-954-452-071-7\_006},
	pages = {48--56},
	year = {2021}
}

@inproceedings{Ranasinghe2020,
	author = {Ranasinghe, Tharindu and Orasan, Constantin and Mitkov, Ruslan},
	booktitle = {Proceedings of the Fifth Conference on Machine Translation (WMT)},
	pages = {1049--1055},
	title = {{TransQuest at WMT2020: Sentence-level direct assessment}},
	location = {Online},
	month = {19--20 November},
	url = {aclanthology.org/2020.wmt-1.122.pdf},
	urldate = {. (Accessed: 14 July 2022).},
	year = {2020}
}

@inproceedings{Ive2018,
	author = {Ive, Julia and Blain, Fr{\'{e}}d{\'{e}}ric and Specia, Lucia},
	booktitle = {Proceedings of the 27th International Conference on Computational Linguistics},
	pages = {3146--3157},
	title = {{deepQuest: A framework for neural-based quality estimation}},
	url = {aclanthology.org/C18-1266.pdf},
	urldate = {. (Accessed: 14 July 2022).},
	year = {2018}
}

@inproceedings{Kepler2019,
	author = {Kepler, F{\'{a}}bio and Tr{\'{e}}nous, Jonay and Treviso, Marcos and Vera, Miguel and Andr{\'{e}}, Unbabel and Martins, F T},
	booktitle = {Proceedings of the 57th Annual Meeting of the Association for Computational Linguistics: System Demonstrations},
	pages = {117--122},
	location = {Florence},
	month = {28 July--2 August},
	title = {{OpenKiwi: An open source framework for quality estimation}},
	url = {aclanthology.org/P19-3.pdf#page=131},
	urldate = {. (Accessed: 14 July 2022).},
	year = {2019}
}

@inproceedings{Yankovskaya2019,
	author = {Yankovskaya, Lisa and T{\"{a}}ttar, Andre and Fishel, Mark},
	booktitle = {Proceedings of the Fourth Conference on Machine Translation (WMT)},
	pages = {101--105},
	title = {{Quality estimation and translation metrics via pre-trained word and sentence embeddings}},
	url = {statmt.org/wmt18/},
	volume = {3},
	location = {Florence},
	month = {1--2 August},
	year = {2019}
}

@article{SanchezTorron2016,
	author = {Sanchez-Torron, Marina and Koehn, Philipp},
	journal = {Proceedings of AMTA Conference},
	pages = {16--26},
	location = {Austin},
	month = {28 October--1 November},
	title = {{Machine translation quality and post-editor productivity}},
	url = {amtaweb.org/wp-content/uploads/2016/10/AMTA2016_Research_Proceedings_v7.pdf#page=22},
	urldate = {. (Accessed: 14 July 2022).},
	volume = {1},
	year = {2016}
}

@inproceedings{Guzman2019,
	author = {Guzm{\'{a}}n, Francisco and Chen, Peng-Jen and Ott, Myle and Pino, Juan and Lample, Guillaume and Koehn, Philipp and {Chaudhary Marc'}, Vishrav and Ranzato, Aurelio},
	booktitle = {Proceedings of the 2019 Conference on Empirical Methods in Natural Language Processing and the 9th International Joint Conference on Natural Language Processing},
	title = {{The FLORES evaluation datasets for low-resource machine translation: Nepali-English and Sinhala-English}},
	doi = {10.18653/v1/D19-1632},
	location = {Hong Kong},
	month = {3--7 November},
	year = {2019}
}

@inproceedings{Graham2013,
	author = {Graham, Yvette and Baldwin, Timothy and Moffat, Alistair and Zobel, Justin},
	booktitle = {Proceedings of the 7th Linguistic Annotation Workshop {\&} Interoperability with Discourse},
	pages = {33--41},
	title = {{Continuous measurement scales in human evaluation of machine translation}},
	location = {Sofia},
	month = {11 February},
	url = {aclanthology.org/W13-2305.pdf},
	urldate = {. (Accessed: 14 July 2022).},
	year = {2013}
}

@article{Graham2015,
	author = {Graham, Y. and Baldwin and T. and Moffat, A. and Zobel, J.},
	doi = {10.1017/S1351324915000339},
	journal = {Natural Language Engineering},
	number = {1},
	pages = {3--30},
	publisher = {Cambridge University Press},
	title = {{Can machine translation systems be evaluated by the crowd alone}},
	volume = {23},
	year = {2015}
}

@inproceedings{Graham2015r,
	title={Improving evaluation of machine translation quality estimation},
	author={Graham, Yvette},
	doi = {10.3115/v1/P15-1174},
	location = {Beijing},
	month = {27 July--31 July},
	booktitle={Proceedings of the 53rd Annual Meeting of the Association for Computational Linguistics and the 7th International Joint Conference on Natural Language Processing (Volume 1: Long Papers)},
	pages={1804--1813},
	year={2015}
}

@article{Kim2017a,
	author = {Kim, Hyun and Jung, Hun Young and Kwon, Hongseok and Lee, Jong Hyeok and Na, Seung Hoon},
	doi = {10.1145/3109480},
	issn = {23754702},
	journal = {ACM Transactions on Asian and Low-Resource Language Information Processing},
	number = {1},
	pages = {1--22},
	title = {{Predictor-estimator: Neural quality estimation based on target word prediction for machine translation}},
	volume = {17},
	year = {2017}
}

@inproceedings{Kim2017b,
	title={Predictor-estimator using multilevel task learning with stack propagation for neural quality estimation},
	author={Kim, Hyun and Lee, Jong-Hyeok and Na, Seung-Hoon},
	booktitle={Proceedings of the Second Conference on Machine Translation},
	pages={562--568},
	location = {Copenhagen},
	month = {7--8 September},
	url = {aclanthology.org/W17-4763.pdf},
	urldate = {. (Accessed: 17 July 2022).},
	year={2017}
}

@article{Klaudy1996,
	title={Quality assessment in school vs. professional translation},
	author={Klaudy, Kinga},
	doi = {10.1075/btl.16.27kla},
	journal={Teaching translation and interpreting},
	volume={3},
	pages={197--204},
	year={1996}
}

@inproceedings{Snover2006,
	author = {Snover, Matthew and Dorr, Bonnie and Schwartz, Richard and Micciulla, Linnea and Makhoul, John},
	booktitle = {Proceedings of the 7th Conference of the Association for Machine Translation in the Americas},
	pages = {223--231},
	location = {Cambridge, USA},
	month = {8--12 August},
	title = {{A study of translation edit rate with targeted human annotation}},
	url = {aclanthology.org/2006.amta-papers.25.pdf},
	urldate = {. (Accessed: 17 July 2022).},
	year = {2006}
}

@inproceedings{Rayson2008,
	author = {Rayson, Paul and Xu, Xiaolan and Xiao, Jian and Wong, Anthony and Yuan, Qi},
	booktitle = {Proceedings of XVIII World Congress of the International Federation of Translators},
	location = {Shanghai},
	month = {4--7 August},
	title = {{Quantitative analysis of translation revision: Contrastive corpus research on native English and Chinese translationese}},
	url = {core.ac.uk/download/pdf/1549715.pdf},
	urldate = {. (Accessed: 17 July 2022).},
	year = {2008}
}

@article{Vardaro2019,
	author = {Vardaro, Jennifer and Schaeffer, Moritz and Hansen-Schirra, Silvia},
	journal = {Proceedings of the Second MEMENTO workshop on Modelling Parameters of Cognitive Effort in Translation Production},
	location = {Dublin},
	month = {20 August},
	pages = {7--8},
	title = {{Translation quality and effort prediction in professional machine translation post-editing}},
	url = {www.aclweb.org/anthology/W19-7004},
	urldate = {. (Accessed: 17 July 2022).},
	year = {2019}
}

@inproceedings{Daems2015,
	title={The impact of machine translation error types on post-editing effort indicators},
	author={Daems, Joke and Vandepitte, Sonia and Hartsuiker, Robert and Macken, Lieve},
	booktitle={Proceedings of the 4th Workshop on Post-Editing Technology and Practice (WPTP4)},
	pages={31--45},
	location = {Miami},
	month = {3 November},
	year={2015},
	url = {aclanthology.org/2015.mtsummit-wptp.3.pdf},
	urldate = {. (Accessed: 17 July 2022).},
	organization={Association for Machine Translation in the Americas}
}

@article{Zaretskaya2016,
	author = {Zaretskaya, Anna and Vela, Mihaela and Corpas, Gloria and Seghiri, Miriam},
	journal = {New Voices in Translation Studies},
	pages = {63--92},
	volume = {15},
	title = {{Measuring post-editing time and effort for different types of machine translation errors}},
	url = {core.ac.uk/download/pdf/196185915.pdf},
	urldate = {. (Accessed: 17 July 2022).},
	year = {2016},
	publisher = {International Association for Translation and Intercultural Studies}
}

@article{Turchi2014,
	title={Data-driven annotation of binary MT quality estimation corpora based on human post-editions},
	author={Turchi, Marco and Negri, Matteo and Federico, Marcello},
	journal={Machine translation},
	volume={28},
	number={3},
	pages={281--308},
	year={2014},
	doi = {10.1007/s10590-014-9162-z},
	publisher={Springer}
}

@inproceedings{Kozlova2016,
	author = {Kozlova, Anna and Shmatova, Mariya and Frolov, Anton},
	booktitle = {Proceedings of the First Conference on Machine Translation},
	pages = {793--799},
	url = {aclanthology.org/W16-2385.pdf},
	urldate = {. (Accessed: 17 July 2022).},
	title = {{YSDA participation in the WMT'16 quality estimation shared task}},
	location = {Berlin},
	month = {11--12 August},
	volume = {2},
	year = {2016}
}

@inproceedings{Scarton2015,
	title={Searching for context: A study on document-level labels for translation quality estimation},
	author={Scarton, Carolina and Zampieri, Marcos and Vela, Mihaela and van Genabith, Josef and Specia, Lucia},
	booktitle={Proceedings of the 18th Annual Conference of the European Association for Machine Translation},
	pages={121--128},
	location = {Antalya},
	month = {11--13 May},
	url = {aclanthology.org/W15-4916.pdf},
	urldate = {. (Accessed: 17 July 2022).},
	year={2015}
}

@inproceedings{Fonseca2019,
	author = {Fonseca, Erick and Yankovskaya, Lisa and Martins, Andr{\'{e}} F T and Fishel, Mark and Federmann, Christian},
	booktitle = {Proceedings of the Fourth Conference on Machine Translation. Volume 3: Shared Task Papers},
	title = {{Findings of the WMT 2019 shared tasks on quality estimation}},
	url = {aclanthology.org/W19-5401v2.pdf},
	urldate = {. (Accessed: 17 July 2022).},
	pages={1--10},
	location = {Florence},
	month = {1--2 August},
	year = {2019}
}

@article{Martins2017,
	title={Pushing the limits of translation quality estimation},
	author={Martins, Andr{\'e} FT and Junczys-Dowmunt, Marcin and Kepler, Fabio N and Astudillo, Ram{\'o}n and Hokamp, Chris and Grundkiewicz, Roman},
	journal={Transactions of the Association for Computational Linguistics},
	editor = {Riezler, Stefan},
	volume={5},
	pages={205--218},
	doi = {10.1162/tacl\_a\_00056},
	year={2017}
}

@inproceedings{Conneau2020,
	title={Unsupervised cross-lingual representation learning at scale},
	author={Conneau, Alexis and Khandelwal, Kartikay and Goyal, Naman and Chaudhary, Vishrav and Wenzek, Guillaume and Guzm{\'a}n, Francisco and Grave, {\'E}douard and Ott, Myle and Zettlemoyer, Luke and Stoyanov, Veselin},
	booktitle={Proceedings of the 58th Annual Meeting of the Association for Computational Linguistics},
	pages={8440--8451},
	location = {Online},
	month = {2--10 July},
	url = {aclanthology.org/2020.acl-main.747.pdf},
	urldate = {. (Accessed: 31 July 2022).},
	year={2020}
}

@inproceedings{Girardi2014,
	title={MT-EquAl: A toolkit for human assessment of machine translation output},
	author={Girardi, Christian and Bentivogli, Luisa and Farajian, M Amin and Federico, Marcello},
	booktitle={Proceedings of the 25th International Conference on Computational Linguistics: System Demonstrations (COLING 2014)},
	pages={120--123},
	location = {Dublin},
	month = {23-29 August},
	url = {aclanthology.org/C14-2026.pdf},
	urldate = {. (Accessed: 31 July 2022).},
	year={2014}
}

@inproceedings{Zhou2019,
	title = {Unsupervised evaluation of human translation quality},
	author = {Zhou, Yi and Bollegala, Danushka},
	booktitle = {Proceedings of the 11th International Joint Conference on Knowledge Discovery, Knowledge Engineering and Knowledge Management},
	pages = {55--64},
	year = {2019},
	location = {Vienna},
	month = {17--19 September},
	url = {livrepository.liverpool.ac.uk/3097319/1/Unsupervised%20Evalusation%20of%20Human%20Translation%20Quality.pdf},
	urldate = {. (Accessed: 31 July 2022).},
	organization={SciTePress-Science and Technology Publications}
}

@article{Akhbardeh2021,
	author = {Akhbardeh, Farhad and Arkhangorodsky, Arkady and Biesialska, Magdalena and Bojar, Ondrej and Chatterjee, Rajen and Chaudhary, Vishrav and Costa-Jussa, Marta R and Espa{\~n}a-Bonet, Cristina and Fan, Angela and Federmann, Christian},
	doi = {10.18653/v1/w19-5301},
	isbn = {9781948087810},
	journal = {6th Conference on Machine Translation, WMT 2021 - Proceedings},
	pages = {1--88},
	title = {{Findings of the 2021 Conference on Machine Translation (WMT21)}},
	year = {2021}
}

@article{Fomicheva2020a,
	title={MLQE-PE: A multilingual quality estimation and post-editing dataset},
	author={Fomicheva, Marina and Sun, Shuo and Fonseca, Erick and Zerva, Chrysoula and Blain, Fr{\'e}d{\'e}ric and Chaudhary, Vishrav and Guzm{\'a}n, Francisco and Lopatina, Nina and Specia, Lucia and Martins, Andr{\'e} FT},
	journal={arXiv preprint arXiv:2010.04480},
	year={2020}
}

@book{HuertasBarros2018,
	title={Quality assurance and assessment practices in translation and interpreting},
	author={Huertas-Barros, Elsa and Vandepitte, Sonia and Iglesias-Fernandez, Emilia},
	year={2018},
	publisher={IGI Global},
	series = {Advances in Linguistics and Communication Studies},
	doi = {10.4018/978-1-5225-5225-3},
	address = {Hershey}
}

@inproceedings{Ustaszewski2019,
	author = {Ustaszewski, Michael},
	booktitle = {Proceedings of the 2nd Workshop on Human-Informed Translation and Interpreting Technology (HiT-IT 2019)},
	pages = {122--128},
	title = {{Exploring adequacy errors in neural machine translation with the help of cross-language aligned word embeddings}},
	location = {Varna},
	month = {5--6 September},
	url = {aclanthology.org/W19-8715.pdf},
	urldate = {. (Accessed: 31 July 2022).},
	year = {2019}
}

@inproceedings{Vilar2006,
	title={Error analysis of statistical machine translation output},
	author={Vilar, David and Xu, Jia and Luis Fernando, D'Haro and Ney, Hermann},
	booktitle={Proceedings of the Fifth International Conference on Language Resources and Evaluation (LREC'06)},
	pages={697--702},
	month = {22--28 May},
	location = {Genoa},
	url = {www.lrec-conf.org/proceedings/lrec2006/pdf/413\_pdf.pdf},
	urldate = {. (Accessed: 31 July 2022).},
	year={2006}
}

@inproceedings{Llitjos2005,
	author = {Llitj{\'{o}}s, Ariadna Font and Carbonell, Jaime G. and Lavie, Alon},
	booktitle = {Proceedings of the 10th EAMT Conference: Practical applications of machine translation},
	pages = {87--96},
	location = {Budapest},
	month = {30--31 May},
	title = {{A framework for interactive and automatic refinement of transfer-based machine translation}},
	url = {aclanthology.org/2005.eamt-1.13.pdf},
	urldate = {. (Accessed: 31 July 2022).},
	year = {2005}
}

@techreport{Dugast2016,
	author = {Dugast, Christian and Turchi, Marco and Specia, Lucia and Harris, Kim and Samiotou, Anna and Niehues, Jan and {Busemann Stuhlsatzenhausweg}, Stephan},
	title = {{Deliverable number D5.7 Deliverable title Data Management Plan Type Report Status and version}},
	institution = {QT Launchpad Project},
	url = {www.qt21.eu},
	urldate = {. (Accessed: 31 July 2022).},
	year = {2016}
}

@inproceedings{Federmann2010,
	title={Appraise: An open-source toolkit for manual phrase-based evaluation of translations},
	author={Federmann, Christian},
	booktitle={Proceedings of the Seventh International Conference on Language Resources and Evaluation (LREC'10)},
	month = {17--23 May},
	location = {Valletta},
	url = {www.lrec-conf.org/proceedings/lrec2010/pdf/197\_Paper.pdf},
	urldate = {. (Accessed: 31 July 2022).},
	pages = {1731--1734},
	year={2010}
}

# this publication is unavailable
@article{Federmann2012,
	author =  {Christian Federmann},
	title =   {Appraise: An open-source toolkit for manual evaluation of machine translation output},
	journal = {The Prague Bulletin of Mathematical Linguistics},
	volume =  {98},
	pages =   {25--35},
	year =    {2012},
	address = {Prague, Czech Republic},
	month =   {September}
}

@article{Klubivcka2018,
	title={Quantitative fine-grained human evaluation of machine translation systems: A case study on English to Croatian},
	author={Klubi{\v{c}}ka, Filip and Toral, Antonio and S{\'a}nchez-Cartagena, V{\'\i}ctor M},
	journal={Machine Translation},
	volume={32},
	number={3},
	pages={195--215},
	year={2018},
	url = {www.jstor.org/stable/pdf/44987869.pdf},
	urldate = {. (Accessed: 31 July 2022).},
	publisher={Springer}
}

@article{Artstein2008,
	author = {Artstein, Ron and Poesio, Massimo},
	doi = {10.1162/coli.07-034-R2},
	journal = {Computational Linguistics},
	number = {4},
	pages = {555--596},
	title = {{Inter-Coder Agreement for Computational Linguistics}},
	volume = {34},
	year = {2008}
}

@article{Gisev2013,
	title={Interrater agreement and interrater reliability: Key concepts, approaches, and applications},
	author={Gisev, Natasa and Bell, J Simon and Chen, Timothy F},
	doi = {10.1016/j.sapharm.2012.04.004},
	journal={Research in Social and Administrative Pharmacy},
	volume={9},
	number={3},
	pages={330--338},
	year={2013},
	publisher={Elsevier}
}

@inproceedings{Kutuzov2015,
	author = {Kutuzov, Andrey and Kuzmenko Elena and Vinogradova, Olga},
	booktitle = {Corpus Linguistics 2015: Abstract Book},
	title = {{Evaluating inter-rater reliability for hierarchical error annotation in learner corpora}},
	year = {2015}
}

@inproceedings{Lommel2014,
	author = {Lommel, Arle and Popovi{\'{c}}, Maja and Burchardt, Aljoscha},
	booktitle = {MTE: Workshop on Automatic and Manual Metrics for Operational Translation Evaluation},
	title = {{Assessing inter-annotator agreement for translation error annotation}},
	url = {www.researchgate.net/publication/277952483},
	urldate = {. (Accessed: 31 July 2022).},
	pages={31--37},
	organization={Language Resources and Evaluation Conference},
	location = {Reykjavik},
	month = {26 May},
	year = {2014}
}

@article{Mathet2015,
	author = {Mathet, Yann and Wid{\"{i}}, Antoine and M{\'{e}}tivier, Jean-Philippe},
	doi = {10.1162/COLI},
	journal = {Computational linguistics},
	number = {3},
	pages = {437--479},
	title = {{The Unified and Holistic Method Gamma ($\gamma$) for Inter-Annotator Agreement Measure and Alignment}},
	volume = {41},
	year = {2015}
}

@article{Krippendorff2016,
	title={On the reliability of unitizing textual continua: Further developments},
	author={Krippendorff, Klaus and Mathet, Yann and Bouvry, St{\'e}phane and Widl{\"o}cher, Antoine},
	journal={Quality \& Quantity},
	volume={50},
	number={6},
	pages={2347--2364},
	year={2016},
	doi = {10.2307/271061},
	publisher={Springer}
}
