

@book{Kenny2001,
	author = {Kenny, Dorothy },
	title = {In search of a theory of translation},
	edition = {1},
	publisher = {Routledge},
	address = {London},
	year = {2001},
	doi = {10.4324/9781315759968}
}





% translation errors


@book{Reiss2014,
	address = {New York},
	author = {Rei{\ss}, Katharina and Vermeer, Hans J},
	edition = {2},
	isbn = {9781905763955},
	mendeley-groups = {8\_TS/general},
	publisher = {Routledge},
	title = {{Towards a General Theory of Translational Action. Skopos Theory Explained}},
	year = {2014}
}






@article{Gledhill2011,
	author = {Gledhill, Christopher},
	journal = {Perspectives on translation quality},
	number = {9},
	pages = {71--97},
	title = {{A Lexicogrammar approach to checking quality: looking at one or two cases of comparative translation}},
	year = {2011}
}


@article{Shaffner1998,
	author = {Shaffner, Christina},
	isbn = {1-85359-414-8 (hbk)},
	journal = {Current Issues in Language and Society},
	number = {1},
	publisher = {Multilingual Matters Ltd},
	title = {{Translation and Quality: Current Issues in Language and Society}},
	volume = {4},
	year = {1998}
}

@book{Huertas-Barros2019,
	address = {Hershey PA, USA},
	editor = {Huertas-Barros, Elsa and Vandepitte, Sonia and Iglesias-Fern{\'{a}}ndez, Emilia},
	isbn = {9781522552253},
	publisher = {IGI Global},
	title = {{Quality Assurance and Assessment Practices in Translation and Interpreting}},
	year = {2019}
}




@article{Naskar2011,
	title={A framework for diagnostic evaluation of mt based on linguistic checkpoints},
	author={Naskar, Sudip Kumar and Toral, Antonio and Gaspari, Federico and Way, Andy},
	journal={Proceedings of the 13th machine translation summit},
	pages={529--536},
	year={2011}
}



@misc{Toral2017,
	title={A multifaceted evaluation of neural versus phrase-based machine translation for 9 language directions},
	author={Toral, Antonio and S{\'a}nchez-Cartagena, V{\'\i}ctor M},
	journal={arXiv preprint arXiv:1701.02901},
	year={2017},
	month={jan}
}






@article{Presada2014,
	author = {Presada, Diana and Badea, Mihaela},
	issn = {1697-7467},
	journal = {Porta Linguarum},
	keywords = {Causes of error production,Contrastive analysis,Error analysis,Translation},
	number = {22},
	pages = {49--59},
	title = {{The effectiveness of error analysis in translation classes. A pilot study}},
	year = {2014}
}



@article{Williams2001,
	author = {Williams, Malcolm},
	journal = {Meta},
	number = {2},
	pages = {326--344},
	title = {{The Application of Argumentation Theory to Translation Quality Assessment}},
	volume = {46},
	year = {2001}
}

@inproceedings{Esperanca2019,
	author = {Esperan{\c{c}}a-Rodier, Emmanuelle and Brunet-Manquat, Francis and Eady, Sophia},
	booktitle = {Translating and the computer 41},
	file = {:home/u2/.local/share/data/Mendeley Ltd./Mendeley Desktop/Downloaded/Esperan{\c{c}}a-Rodier, Brunet-Manquat, Eady - Unknown - ACCOL{\'{E}} A Collaborative Platform of Error Annotation for Aligned Corpora.pdf:pdf},
	pages = {27--36},
	title = {{ACCOL{\'{E}}: A Collaborative Platform of Error Annotation for Aligned Corpora}},
	url = {https://hal.archives-ouvertes.fr/hal-02363208},
	year = {2019}
}



@techreport{Burchardt2014,
	author = {Burchardt, Aljoscha and Lommel, Arle},
	title = {{Practical Guidelines for the Use of MQM in Scientific Research on Translation Quality}},
	url = {http://creativecommons.org/licenses/by/4.0/},
	year = {2014}
}


@inproceedings{Stambolieva2019,
	author = {Stambolieva, Maria},
	booktitle = {Proceedings of the 2nd Workshop on Human-Informed Translation and Interpreting Technology (HiT-IT 2019)},
	doi = {10.26615/issn.2683-0078.2019_012},
	title = {{Corpus Linguistics, Translation and Error Analysis}},
	url = {https://doi.org/10.26615/issn.2683-0078.2019\_012},
	year = {2019}
}


@article{Castagnoli2011a,
	author = {Castagnoli, Sara},
	journal = {Rassegna Italiana di Linguistica Applicata},
	mendeley-groups = {3\_corpora/parallel/learner},
	number = {43(1)},
	pages = {311--332},
	title = {{Exploring variation and regularities in translation with multiple translation corpora}},
	year = {2011}
}


@book{House2015,
	address = {London and New York},
	author = {House, Juliane},
	doi = {10.1075/babel.62.2.05kar},
	isbn = {3823350757},
	issn = {0521-9744},
	mendeley-groups = {0\_translated\_language/quality/TS theory},
	pages = {160},
	pmid = {25246403},
	publisher = {Routledge},
	title = {{Translation quality assessment: Past and present}},
	url = {http://www.jbe-platform.com/content/journals/10.1075/babel.62.2.05kar},
	year = {2015}
}

@misc{Leech1997,
	title={Introducing corpus annotation. In" Corpus Annotation: Linguistic Information from Computer Text Corpora", R. Garside, G. Leech \& AM McEnery, ed},
	author={Leech, Geoffrey},
	year={1997},
	publisher={Longman, London}
}



@book{Ovcinnikova2016,
	title =     {Translational bilinguism. Based on the translation error analysis},
	author =    {Ovchinnikova, I.G. and Pavlova, A.V},
	publisher = {Moscow: "Flinta", "Nauka"},
	isbn =      {},
	year =      {2016},
	series =    {},
	edition =   {},
	volume =    {},
	pages = {304},
	url =       {http://gen.lib.rus.ec/book/index.php?md5=F22FCC0DC70A23D4CD7BD43A5106FE79}
}


@unpublished{TREACLE2009,
	author = {TREACLE},
	file = {:home/u2/Documents/mendeley/TREACLE - 2009 - Error Analysis Criteria Document.doc:doc},
	title = {{Error Analysis Criteria Document}},
	year = {2009}
}

@misc{Hansen2010,
	author = {Hansen, Gyde},
	booktitle = {Handbook of Translation Studies. Volume 1},
	doi = {10.1075/hts.1.tra3},
	file = {:home/u2/Documents/mendeley/Hansen - 2010 - Translation 'errors'.pdf:pdf},
	isbn = {9789027203311 9027203318},
	pages = {385--388},
	title = {{Translation 'errors'}},
	volume = {1},
	year = {2010}
}



@article{Dagneaux1998,
	author = {Dagneaux, Estelle and Denness, Sharon and Granger, Sylviane},
	doi = {10.1016/S0346-251X(98)00001-3},
	issn = {0346251X},
	journal = {System},
	number = {2},
	pages = {163--174},
	title = {{Computer-aided error analysis}},
	volume = {26},
	year = {1998}
}





@article{Beltagy2020,
	title={Longformer: The long-document transformer},
	author={Beltagy, Iz and Peters, Matthew E and Cohan, Arman},
	journal={arXiv preprint arXiv:2004.05150},
	year={2020}
}


@inproceedings{Lapshinova2015,
	author = {Lapshinova-Koltunski, Ekaterina and Vela, Mihaela},
	booktitle = {Proceedings of the Second Workshop on Discourse in Machine Translation},
	month = {September},
	pages = {122--131},
	title = {{Measuring 'Registerness' in Human and Machine Translation: A Text Classification Approach}},
	year = {2015}
}


@article{Popovic2018,
	title={Error Classification and Analysis for Machine Translation Quality Assessment},
	author={Popovic, Maja},
	journal={Translation Quality Assessment: From Principles to Practice},
	volume={1},
	pages={129--158},
	year={2018},
	publisher={Springer}
}


@misc{Toral2018,
	archivePrefix = {arXiv},
	arxivId = {1808.10432v1},
	author = {Toral, Antonio and Castilho, Sheila and Hu, Ke and Way, Andy},
	eprint = {1808.10432v1},
	title = {{Attaining the Unattainable? Reassessing Claims of Human Parity in Neural Machine Translation}},
	url = {http://tramooc.eu/},
	year = {2018}
}





@inproceedings{Fishel2012,
	author = {Fishel, Mark and Bojar, O and Popovic, M},
	booktitle = {Proceedings of the International Conference on Language Resources and Evaluation},
	pages = {7--14},
	title = {{Terra: a Collection of Translation Error-Annotated Corpora}},
	url = {http://lrec.elra.info/proceedings/lrec2012/pdf/481\_Paper.pdf},
	year = {2012}
}





@inproceedings{Vela2015,
	author = {Vela, Mihaela and Lapshinova-Koltunski, Ekaterina},
	booktitle = {Proceedings of the 15th Machine Translation Summit},
	pages = {215--228},
	title = {{Register-Based Machine Translation Evaluation with Text Classification Techniques}},
	year = {2015}
}


@article{Popovic2011,
	title={Hjerson: An Open Source Tool for Automatic Error Classification of Machine Translation Output},
	author={Popovi{\'c}, Maja},
	journal={The Prague Bulletin of Mathematical Linguistics},
	volume={96},
	number={1},
	pages={59--67},
	year={2011}
}





@techreport{Lommel2014a,
	author = {Lommel, Arle and Burchardt, Aljoscha and Harris, Kim and Popovi{\'{c}}, Maja and Uszkoreit, Hans},
	title = {{Tq error corpus. Technical Report Deliverable D 1.2.1}},
	institution = {QT Launchpad Project},
	url = {http://www.qt21.eu/launchpad},
	year = {2014}
}





@article{Colina2008,
	author = {Colina, Sonia},
	doi = {10.1080/13556509.2008.10799251},
	journal = {The Translator},
	pages = {97--134},
	title = {{To cite this article: Sonia Colina (2008) Translation Quality Evaluation, The Translator}},
	volume = {14},
	year = {2008}
}


@article{Teich2016,
	title                    = {{The linguistic construal of disciplinarity: a data mining approach using register features}},
	author                   = {Elke Teich and Stefania Degaetano-Ortlieb and Peter Fankhauser and Hannah Kermes and Ekaterina Lapshinova-Koltunski},
	journal                  = {Journal of the Association for Information Science and Technology (JASIST)},
	year                     = {2016},
	number                   = {7},
	pages                    = {1668--1678},
	volume                   = {67}
}


@article{Baker1995,
	author = {Baker, Mona},
	title = {Corpora in translation studies: An overview and some suggestions
	for future research},
	journal = {Target},
	year = {1995},
	volume = {7},
	pages = {223--243},
	number = {2},
	date-added = {2010-03-09 11:19:11 +0100},
	date-modified = {2010-03-09 11:19:11 +0100}
}


@inproceedings{Bojar2017,
	author = {Bojar, Ondrej and Chatterjee, Rajen and Federmann, Christian and Graham, Yvette and Haddow, Barry and Huang, Shujian and Huck, Matthias and Koehn, Philipp and Liu, Qun and Logacheva, Varvara and Others},
	booktitle = {(WMT17)},
	pages = {169----214},
	title = {{Findings of the 2017 Conference on Machine Translation}},
	url = {https://cris.fbk.eu/retrieve/handle/11582/313122/21562/document {\%}282{\%}29.pdf;jsessionid=6EAB71978CBA85CBD7EFE1B7082C4218.suir-fbk-prod-01},
	year = {2017}
}

@inproceedings{abujbara-2011,
 author = {Amjad Abu-Jbara and Dragomir Radev},
 title = {Coherent Citation-based Summarization of Scientific Papers},
 booktitle = "{Proceedings of the 49th Annual Meeting of the Association for Computational Linguistics: Human Language Technologies - Volume 1}",
 series = "{HLT '11}",
 year = {2011},
 isbn = {978-1-932432-87-9},
 location = {Portland, Oregon},
 pages = {500--509},
 numpages = {10},
 url = {http://dl.acm.org/citation.cfm?id=2002472.2002536},
 acmid = {2002536},
 publisher = {Association for Computational Linguistics},
 address = {Stroudsburg, PA, USA},
}

@article{SugiharGupta08,
	address = {New York, NY, USA},
	author = {Sugihara, Ryo   and Gupta, Rajesh  K. },
	citeulike-article-id = {2678392},
	doi = {http://dx.doi.org/10.1145/1340771.1340774},
	issn = {1550-4859},
	journal = {{ACM Transactions on Sensor Networks}},
	keywords = {programming-model, sensor-networks, survey},
	month = {March},
	number = {2},
	pages = {1--29},
	posted-at = {2008-04-16 16:46:20},
	priority = {2},
	publisher = {ACM},
	title = {Programming models for sensor networks: A survey},
	volume = {4},
	year = {2008}
}

@article{Luo+06,
 author = {Liqian Luo and Tarek F. Abdelzaher and Tian He and John A. Stankovic},
 title = {EnviroSuite: An environmentally immersive programming framework for sensor networks},
 journal = {Trans. on Embedded Computing Sys.},
 volume = {5},
 number = {3},
 year = {2006},
 issn = {1539-9087},
 pages = {543--576},
 doi = {http://doi.acm.org/10.1145/1165780.1165782},
 publisher = {ACM Press},
 address = {New York, NY, USA},
 }

@article{Madden+05,
 author = {Samuel R. Madden and Michael J. Franklin and Joseph M. Hellerstein and Wei Hong},
 title = {TinyDB: an acquisitional query processing system for sensor networks},
 journal = {ACM Trans. Database Syst.},
 volume = {30},
 number = {1},
 year = {2005},
 issn = {0362-5915},
 pages = {122--173},
 doi = {http://doi.acm.org/10.1145/1061318.1061322},
 publisher = {ACM Press},
 address = {New York, NY, USA},
 }


@MastersThesis{Newton05,
  author = 	 {Ryan Newton},
  title = 	 {Compiling Functional Reactive Macroprograms},
  school = 	 {MIT},
  year = 	 {2005},
  OPTkey = 	 {},
  OPTtype = 	 {},
  OPTaddress = 	 {},
  OPTmonth = 	 {},
  OPTnote = 	 {},
  OPTannote = 	 {}
}

@TechReport{Elson03:cens-tr,
  author =     "Jeremy Elson and Solomon Bien and Naim Busek and
                Vladimir Bychkovskiy and Alberto Cerpa and
                Deepak Ganesan and Lewis Girod and Ben Greenstein
                and Thomas Schoellhammer and Thanos Stathopoulos
                and Deborah Estrin",
  title =      "{EmStar: An Environment for Developing Wireless
                 Embedded Systems Software}",
  institution =  {Center for Embedded Networked Sensing,
                  University of California, Los Angeles},
  year =       2003,
  number =     {CENS Technical Report 0009},
  month =      {March},
}

