@inproceedings{Wisniewski2014,
	title={{A corpus of machine translation errors extracted from translation students exercises}},
	author={Wisniewski, Guillaume and K{\"u}bler, Natalie and Yvon, Fran{\c{c}}ois},
	booktitle={Proceedings of the Ninth International Conference on Language Resources and Evaluation},
	location = {Reykjavik},
	month = {26--31 May},
	pages={3585--3588},
	url = {www.lrec-conf.org/proceedings/lrec2014/pdf/1115\_Paper.pdf},
	urldate = {. (Accessed: 30 June 2022).},
	year={2014}
}

@article{Castagnoli2011b,
	title={{Designing a learner translator corpus for training purposes}},
	author={Castagnoli, Sara and Ciobanu, Dragos and Kunz, Kerstin and K{\"u}bler, Natalie and Volanschi, Alexandra},
	journal={Corpora, language, teaching, and resources: From theory to practice},
	volume={12},
	pages={221--248},
	year={2011},
	url = {citeseerx.ist.psu.edu/viewdoc/download?doi=10.1.1.631.6247&rep=rep1&type=pdf},
	urldate = {. (Accessed: 30 June 2022).},
	publisher={Peter Lang Bern}
}

@article{Wurm2013,
	author = {Wurm, Andrea},
	pages = {381--419},
	journal = {trans-kom},
	volume = {6},
	number = {2},
	title = {{Eigennamen und Realia in einem Korpus studentischer {\"{U}}bersetzungen (KOPTE)}},
	url = {www.trans-kom.eu/bd06nr02/trans-kom\_06\_02\_06\_Wurm\_Eigennamen.20131212.pdf},
	urldate = {. (Accessed: 30 June 2022).},
	year = {2013}
}


@incollection{Wurm2020,
	author = {Wurm, Andrea},
	booktitle = {Translating and Comparing Languages: Corpus-based Insights},
	editor = {Granger, Sylviane and Lefer, Marie-Aude},
	address = {Louvain-la-Neuve},
	publisher = {Presses Universitaires de Louvain},
	pages = {141--162},
	title = {{Translation quality in an error-annotated translation learner
	corpus}},
	url = {tinyurl.com/254dxnzv},
	urldate = {. (Accessed: 16 June 2022).},
	year = {2020}
}

@inproceedings{Lapshinova2013,
	author = {Lapshinova-Koltunski, Ekaterina},
	booktitle = {Proceedings of the 6th Workshop on Building and Using Comparable Corpora},
	location = {Sofia},
	month = {8 August},
	pages = {77--86},
	title = {{VARTRA: a comparable corpus for analysis of translation variation}},
	url = {aclanthology.org/W13-2510},
	urldate = {. (Accessed: 30 June 2022).},
	year = {2013}
}

@Mastersthesis{Stepankova2014,
	author = {{\v{S}}t{\v{e}}p{\'{a}}nkov{\'{a}}, Krist{\'{y}}na},
	school = {Department of English and American Studies, Faculty of Arts, Masaryk University},
	title = {{Learner Translation Corpus: CELTraC (Czech-English Learner Translation Corpus)}},
	year = {2014}
}

@article{Espunya2014,
	title={{The UPF learner translation corpus as a resource for translator training}},
	author={Espunya, Anna},
	journal={Language resources and evaluation},
	volume={48},
	number={1},
	pages={33--43},
	year={2014},
	publisher={Springer},
	doi={10.1007/s10579-013-9260-1}
}

@article{Alfuraih2019,
	title={{The undergraduate learner translator corpus: a new resource for translation studies and computational linguistics}},
	author={Alfuraih, Reem F},
	journal={Language Resources and Evaluation},
	pages={1--30},
	volume={54},
	number={3},
	year={2019},
	publisher={Springer},
	doi = {10.1007/s10579-019-09472-6}
}

@inproceedings{Granger2018,
	title={{The Translation-oriented annotation system: A tripartite annotation system for translation research}},
	author={Granger, Sylviane and Lefer, Marie-Aude},
	booktitle={International Symposium on Parallel Corpora (ECETT--PaCor)},
	location = {Madrid},
	month = {5--7 November},
	pages={61--63},
	year={2018}
}

@article{Fictumova2017,
	author = {Fictumova, Jarmila},
	issn = {2340-2415},
	journal = {Sendebar},
	volume = {1},
	number = {28},
	pages = {209--241},
	title = {{Teaching specialized translation. Error-tagged translation learner corpora}},
	year = {2017},
	url = {revistaseug.ugr.es/index.php/sendebar/article/download/5419/5647},
	urldate = {. (Accessed: 09 July 2022).}
}

@article{Verplaetse2019,
	abstract = {see from p.64},
	author = {Verplaetse, Heidi and Lambrechts, An},
	journal = {Dragoman Journal of Translation Studies},
	number = {9},
	pages = {64--76},
	title = {{Translation error type in medical and legal student translations: Impact of dictionary, CAT tool and corpus use}},
	volume = {8},
	year = {2019},
	url = {lirias.kuleuven.be/retrieve/547218},
	urldate = {. (Accessed: 09 July 2022).}
}

@article{Daems2017,
	author = {Daems, Joke and Vandepitte, Sonia and Hartsuiker, Robert J. and Macken, Lieve},
	issn = {00260452},
	journal = {Meta},
	number = {2},
	pages = {245--270},
	title = {{Translation methods and experience: A comparative analysis of human translation and post-editing with students and professional translators}},
	doi = {10.7202/1041023ar},
	volume = {2},
	year = {2017}
}

@incollection{Bowker2003,
	author = {Bowker, Lynne and Bennison, Peter},
	booktitle = {Corpora in Translator Education},
	editor = {Zanettin, Federico and Bernardini, Silvia and Stewart, Dominic},
	address = {London},
	publisher = {Routledge},
	pages = {103--118},
	title = {{Student translation archive and student translation tracking system. Design, development and application}},
	doi = {10.4324/9781315760162},
	year = {2003}
}

@inproceedings{Popovic2020,
	author = {Popovic, Maja},
	booktitle = {Proceedings of the 22nd Annual Conference of the European Association for Machine Translation},
	editor = {Martins, Andr{\{}$\backslash$'e{\}} and Moniz, Helena and Fumega, Sara and Martins, Bruno and Batista, Fernando and Coheur, Luisa and Parra, Carla and Trancoso, Isabel and Turchi, Marco and Bisazza, Arianna and Moorkens, Joss and Guerberof, Ana and Nurminen, Mary and Marg, Lena and Forcada, Mikel L.},
	month = {3--5 November},
	location = {Lisboa},
	pages = {365--374},
	publisher = {European Association for Machine Translation},
	title = {{On the differences between human translations}},
	url = {aclanthology.org/2020.eamt-1.39.pdf},
	urldate = {. (Accessed: 09 July 2022).},
	year = {2020}
}

@article{Tirkkonen1990,
	title={Professional vs. non-professional translation: A think-aloud protocol study},
	author={Tirkkonen-Condit, Sonja},
	journal={Learning, Keeping and Using Language},
	volume={2},
	pages={381--394},
	year={1990},
	doi = {10.1075/z.lkul2.28tir},
	address = {Amsterdam, Philadelphia},
	publisher={John Benjamins Publishing Company}
}

@article{Nord2006,
	author = {Nord, Christiane},
	isbn = {1900650029},
	issn = {0104693X},
	journal = {TEFLIN Journal},
	number = {2},
	pages = {131--143},
	title = {{Translating as a purposeful activity: A prospective approach}},
	url = {core.ac.uk/download/pdf/233167343.pdf},
	urldate = {. (Accessed: 16 June 2022).},
	volume = {17},
	year = {2006}
}

@inproceedings{Fung2004,
	title = {Multi-level bootstrapping for extracting parallel sentences from a quasi-comparable corpus},
	author = {Fung, Pascale and Cheung, Percy},
	booktitle = {Proceedings of the 20th international conference on Computational Linguistics},
	pages = {1051--1057},
	location = {Geneva},
	month = {23--27 August},
	doi = {10.3115/1220355.1220506},
	year = {2004},
	organization = {Association for Computational Linguistics}
}

@incollection{McEnery2007,
	author = {McEnery, Anthony and Xiao, Zhonghua},
	booktitle = {Incorporating Corpora. The Linguist and the Translator},
	editor = {Anderman, Gunilla and Rogers, Margaret},
	pages = {18--31},
	publisher = {Multilingual Matters LTD},
	address = {Clevedon, Buffalo, Toronto},
	url = {eprints.lancs.ac.uk/id/eprint/59/1/corpora_and_translation.pdf},
	urldate = {. (Accessed: 16 June 2022).},
	title = {{Parallel and comparable corpora: What are they up to?}},
	year = {2007}
}

@Article{Lee01,
	author = {David Lee},
	title = {Genres, registers, text types, domains, and styles: clarifying the concepts and navigating a path through the {BNC} jungle},
	journal = {Language Learning and Technology},
	year = {2001},
	volume = {5},
	number = {3},
	pages =	{37--72},
	url = {ro.uow.edu.au/cgi/viewcontent.cgi?article=1615&context=artspapers},
	urldate = {. (Accessed: 16 June 2022).}
}

@article{Sharoff2018,
	author = {Sharoff, Serge},
	journal = {Corpora},
	number = {1},
	pages = {65--95},
	title = {{Functional Text Dimensions for annotation of Web corpora}},
	volume = {13},
	doi = {10.3366/cor.2018.0136},
	year = {2018}
}

@book{Neumann2013,
	address = {Berlin, Boston},
	author = {Neumann, Stella},
	publisher = {Walter de Gruyter},
	title = {{Contrastive register variation. A quantitative approach to the comparison of English and German}},
	year = {2013}
}


@article{Zanettin1998,
	author = {Zanettin, Federico},
	journal = {Meta: Journal des traducteurs},
	number = {4},
	pages = {616--630},
	title = {{Bilingual comparable corpora and the training of translators}},
	volume = {43},
	doi = {10.7202/004638ar},
	year = {1998}
}

@article{Li2018,
	author = {Li, Bo and Gaussier, Eric and Yang, Dan},
	isbn = {1351324917000},
	issn = {14698110},
	journal = {Natural Language Engineering},
	number = {4},
	pages = {523--549},
	title = {{Measuring bilingual corpus comparability}},
	volume = {24},
	doi = {10.1017/S1351324917000481},
	year = {2018}
}

@inproceedings{Kilgarriff2011,
	author = {Kilgarriff, Adam and Avinesh, P V S and Pomik{\'{a}}lek, Jan},
	booktitle = {Electronic lexicography in the 21st century: New applications for new users. Proceedings of eLex 2011},
	location = {Bled},
	month = {10--12 November},
	title = {{Comparable corpora BootCaT}},
	url = {www.sketchengine.eu/wp-content/uploads/Comparable_Corpora_BootCaT_2011.pdf},
	urldate = {. (Accessed: 16 June 2022).},
	year = {2011}
}

@inproceedings{Kutuzov2016,
	archivePrefix = {arXiv},
	arxivId = {1604.05372},
	author = {Kutuzov, Andrey and Kopotev, Mikhail and Sviridenko, Tatyana and Ivanova, Lyubov},
	booktitle = {Proceedings of the 9th Workshop on Building and Using Comparable Corpora},
	pages = {3--10},
	title = {{Clustering comparable corpora of Russian and Ukrainian academic texts: Word embeddings and semantic fingerprints}},
	url = {www.lrec-conf.org/proceedings/lrec2016/workshops/LREC2016Workshop-BUCC2016\_Proceedings.pdf#page=13},
	urldate = {. (Accessed: 09 July 2022).},
	location = {Portorož},
	month = {23 May},
	year = {2016}
}


@inproceedings{Karakanta2018,
	title={Europarl-UDs: Preserving and extending metadata in parliamentary debates},
	author={Karakanta, Alina and Vela, Mihaela and Teich, Elke},
	booktitle={Proceedings of the LREC 2018 Workshop ``ParlaCLARIN: Creating and Using Parliamentary Corpora''},
	location = {Miyazaki},
	month = {7 May},
	pages = {33--38},
	url = {lrec-conf.org/workshops/lrec2018/W2/pdf/book_of_proceedings.pdf#page=44},
	urldate = {. (Accessed: 09 July 2022).},
	year={2018}
}

@book{Biber1988,
	address = {Cambridge},
	author = {Biber, Douglas},
	publisher = {Cambridge University Press},
	title = {{Variation across speech and writing}},
	doi = {10.1017/CBO9780511621024},
	year = {1988}
}


@incollection{Lijffijt2017,
	title={A simple model for recognizing core genres in the BNC},
	author={Lijffijt, Jefrey and Nevalainen, Terttu},
	booktitle={Big and Rich Data in English Corpus Linguistics: Methods and Explorations},
	editor = {Hiltunen, Turo and McVeigh, Joe and Säily, Tanja},
	volume={19},
	year={2017},
	series = {Studies in Variation, Contacts and Change in English},
	url = {varieng.helsinki.fi/series/volumes/19/lijffijt_nevalainen/},
	urldate = {. (Accessed: 09 July 2022).},
	publisher={University of Helsinki}
}

@incollection{Kunz2017,
	author = {Kunz, Kerstin and Degaetano-Ortlieb, Stefania and Lapshinova-Koltunski, Ekaterina and Menzel, Katrin and Steiner, Erich},
	booktitle = {Empirical Translation Studies. New Theoretical and Methodological Traditions},
	doi = {10.1515/9783110459586-010},
	isbn = {9783110459586},
	publisher = {Walter de Gruyter},
	address = {Berlin},
	pages = {265--312},
	title = {{English-German contrasts in cohesion and implications for translation}},
	year = {2017}
}

@article{Varga2007,
	title={Parallel corpora for medium density languages},
	author={Varga, D{\'a}niel and Hal{\'a}csy, P{\'e}ter and Kornai, Andr{\'a}s and Nagy, Viktor and N{\'e}meth, L{\'a}szl{\'o} and Tr{\'o}n, Viktor},
	journal={Amsterdam Studies in the Theory and History of Linguistic Science},
	volume={292},
	pages={247},
	year={2007},
	address = {Amsterdam, Philadelphia},
	doi = {10.1075/cilt.292.32var},
	publisher={John Benjamins Publishing Company}
}

@inproceedings{Stenetorp2012,
	author = {Stenetorp, Pontus and Pyysalo, Sampo and Topi, Goran and Ohta, Tomoko and Ananiadou, Sophia and Tsujii, Ichi},
	booktitle = {Proceedings of the 13th Conference of the European Chapter of the Association for Computational Linguistics},
	pages = {102--107},
	month = {23--27 April},
	location = {Avignon},
	publisher = {Association for Computational Linguistics},
	title = {{BRAT: A web-based tool for NLP-assisted text annotation}},
	url = {aclanthology.org/E12-2021.pdf},
	urldate = {. (Accessed: 09 July 2022).},
	year = {2012}
}

@inproceedings{Droganova2018,
	title={Data conversion and consistency of monolingual corpora: Russian UD treebanks},
	author={Droganova, Kira and Lyashevskaya, Olga and Zeman, Daniel},
	booktitle={Proceedings of the 17th International Workshop on Treebanks and Linguistic Theories},
	volume={155},
	pages={53--66},
	location = {Oslo},
	month = {13 December},
	url = {ufal.mff.cuni.cz/biblio/attachments/2018-droganova-p7646871821297838363.pdf},
	urldate = {. (Accessed: 12 July 2022).},
	year={2018}
}

@article{Sitchinava2019,
	title={On parallel corpora within the Russian National Corpus: New languages and new challenges [Parallel'nye teksty v sostave Nacional'nogo korpusa russkogo jazyka: novye jazyki i novye zadachi]},
	author={Sitchinava, Dmitri},
	journal={Herald of Vinogradov's Institute of the Russian Language [Trudy Instituta russkogo jazyka im. VV Vinogradova]},
	volume={21},
	pages={41-61},
	year={2019},
	doi = {10.31912/pvrli-2019.21.2},
	publisher={Nector-Istoria},
	address = {Saint-Petersburg}
}

@article{Kubler2018,
	author = {K{\"u}bler, Natalie and  Mestivier, Alexandra and Pecman, Mojca},
	journal = {Meta: Journal des traducteurs},
	number = {3},
	pages = {807--825},
	title = {{Teaching specialised translation through corpus linguistics: Translation quality assessment and methodology evaluation and enhancement by experimental approach}},
	volume = {63},
	url = {www.erudit.org/en/journals/meta/1900-v1-n1-meta04634/1060174ar.pdf},
	urldate = {. (Accessed: 13 July 2022).},
	year = {2018}
}

@article{Xiao2005,
	author = {Xiao, Zhonghua and McEnery, Anthony},
	doi = {10.1177/0075424204273957},
	isbn = {0075424204273},
	issn = {0075-4242},
	journal = {Journal of English Linguistics},
	pages = {62--82},
	title = {{Two approaches to genre analysis: Three genres in modern American English}},
	volume = {33},
	number = {1},
	year = {2005}
}

@incollection{Braslavski2010,
	author = {Braslavski, Pavel},
	doi = {10.1007/978-90-481-9178-9\_9},
	booktitle = {Genres on the Web},
	editors = {Mehler, Alexander and Sharoff, Serge and Santini, Marina},
	pages = {191--208},
	publisher = {Springer},
	address = {Dordrecht},
	title = {{Marrying relevance and genre rankings: An exploratory study}},
	year = {2010}
}

@article{Chesterman2010,
	author = {Chesterman, Andrew},
	journal = {Kiasm. Acta Translatologica Helsingiensia},
	editor = {Hartama-Heinonen, Ritva and Kukkonen, Pirjo},
	pages = {38--48},
	publisher = {Helsingfors: Helsingfors universitet, Nordica},
	title = {{Why study translation universals?}},
	volume = {1},
	url = {helda.helsinki.fi/bitstream/handle/10138/24313/ath\_vol\_1%20kiasm\_30122010.pdf?sequence=1#page=40},
	urldate = {. (Accessed: 17 July 2022).},
	year = {2010}
}
